01REMESSA01COBRANCA       04370919641201300343ESCOLA FUTUROS GENIOS.        033SANTANDER      2808200000000000000000                                                                                                                                                                                                                                                                                   000000001
1020556778200016904370919641201300343000000000000000000000000000004693000000 40200000000000000000    000000501044102012720092000000000250000330437006N280820000000000000000080000000000000000000000000000000000000000000000100019346146885MARCIO OLIVEIRA MARQUES                 Rua Joaquina Maria dos Santos 96 A      Vila Souza  02860110São Paulo      SP                               I06      00 000002
1020556778200016904370919641201300343000000000000000000000000000004707000000 40200000000000000000    000000501053102015307092000000000250000330437006N280820000000000000000080000000000000000000000000000000000000000000000100030638571812Tatiane Alessandra da Silva             Rua Conselheiro Moreira de Barros 3600  Lauzane Paul02430002São Paulo      SP                               I06      00 000003
1020556778200016904370919641201300343000000000000000000000000000004715000000 40200000000000000000    000000501042102016608092000000000775200330437006N280820000000000000000260000000000000000000000000000000000000000000000100013000275843ANTONIO COSTA DOS SANTOS GONÇALVES      Rua Antônio Augusto de Barros 440 NÃO   Brasilândia 02863100São Paulo      SP                               I06      00 000004
1020556778200016904370919641201300343000000000000000000000000000004723000000 40200000000000000000    000000501007102019202092000000000420000330437006N280820000000000000000140000000000000000000000000000000000000000000000100008740846873MARTA APARECIDA VENTURA PEREIRA DA SILVARua Mário de Sá Carneiro 301 CASA 04    Jardim Cente02882140São Paulo      SP                               I06      00 000005
1020556778200016904370919641201300343000000000000000000000000000004731000000 40200000000000000000    000000501008102020501092000000000420000330437006N280820000000000000000140000000000000000000000000000000000000000000000100008740846873MARTA APARECIDA VENTURA PEREIRA DA SILVARua Mário de Sá Carneiro 301 CASA 04    Jardim Cente02882140São Paulo      SP                               I06      00 000006
1020556778200016904370919641201300343000000000000000000000000000004740000000 40200000000000000000    000000501018102023125092000000000279150330437006N280820000000000000000090000000000000000000000000000000000000000000000100043218514835ALINE SANTANA DE TOLEDO                 Travessa Adão Pereira da Silva 51       Jardim Alman02863140São Paulo      SP                               I06      00 000007
1020556778200016904370919641201300343000000000000000000000000000004758000000 40200000000000000000    000000501050102025710092000000000536200330437006N280820000000000000000180000000000000000000000000000000000000000000000100012878083873VICENTE NETO DE SOUZA SENA              Rua Amanacaia 122                       Jardim Vista02878150São Paulo      SP                               I06      00 000008
1020556778200016904370919641201300343000000000000000000000000000004766000000 40200000000000000000    000000501052102027015092000000000535500330437006N280820000000000000000180000000000000000000000000000000000000000000000100038118391876MICHELE CRISTINA ALVES DA SILVA         Rua Mendonça Júnior 555 BL 06 AP 34     Vila dos And02610010São Paulo      SP                               I06      00 000009
1020556778200016904370919641201300343000000000000000000000000000004774000000 40200000000000000000    000000501026102028310092000000000250000330437006N280820000000000000000080000000000000000000000000000000000000000000000100038823137810ANA CLAUDIA DO AMARAL                   Avenida Róssio do Carmo 113 casa 2      Vila Rica   02861090São Paulo      SP                               I06      00 000010
1020556778200016904370919641201300343000000000000000000000000000004782000000 40200000000000000000    000000501011102029610092000000000373500330437006N280820000000000000000120000000000000000000000000000000000000000000000100046036671830KAMILA PATRÍCIA SILVA BERING            Rua Jorge Mamede da Silva 37 CASA 2     Vila Souza  02860050São Paulo      SP                               I06      00 000011
1020556778200016904370919641201300343000000000000000000000000000004790000000 40200000000000000000    000000501047102030915092000000000441000330437006N280820000000000000000150000000000000000000000000000000000000000000000100089896670544IACIANA PEREIRA DO NASCIMENTO BEZERRA   Rua Lua de São Jorge 377                Jardim Alvin02991280São Paulo      SP                               I06      00 000012
1020556778200016904370919641201300343000000000000000000000000000004804000000 40200000000000000000    000000501035102032210092000000000250000330437006N280820000000000000000080000000000000000000000000000000000000000000000100037994567835BRUNO EDDINE DA SILVA                   Rua Hugo Van Der Góes 227 NÃO           Vila Pentead02866100São Paulo      SP                               I06      00 000013
1020556778200016904370919641201300343000000000000000000000000000004812000000 40200000000000000000    000000501025102033510092000000000250000330437006N280820000000000000000080000000000000000000000000000000000000000000000100036649004804MURILO BASTOS DE SOUZA                  Rua Ribeirinhos 76 NÃO                  Vila Rica   02861020São Paulo      SP                               I06      00 000014
1020556778200016904370919641201300343000000000000000000000000000004820000000 40200000000000000000    000000501045102036120092000000000697840330437006N280820000000000000000230000000000000000000000000000000000000000000000100040925715859RAFAELA DE CASTRO BARBOSA               Rua Engenheiro Pereira Passos 257 NÃO   Parque Belém02850020São Paulo      SP                               I06      00 000015
1020556778200016904370919641201300343000000000000000000000000000004839000000 40200000000000000000    000000501033102037410092000000000274000330437006N280820000000000000000090000000000000000000000000000000000000000000000100029942563806DEYSE MURIEL DA SILVA VIEIRA            AV APARECIDA DO RIO NEGRO 553 AP 1001 T JARDIM IRIS 02675031São Paulo      SP                               I06      00 000016
1020556778200016904370919641201300343000000000000000000000000000004847000000 40200000000000000000    000000501036102038709092000000000763640330437006N280820000000000000000250000000000000000000000000000000000000000000000100001299456502ALESSANDRA NERES SANTOS                 Travessa Vancouver 78 caasa 03          Parque Belém02850120São Paulo      SP                               I06      00 000017
1020556778200016904370919641201300343000000000000000000000000000004855000000 40200000000000000000    000000501024102040008092000000000430320330437006N280820000000000000000140000000000000000000000000000000000000000000000100036568420867EMILI BATISTA DA SILVA                  Avenida Deputado Cantídio Sampaio 2910  Vila Souza  02860001São Paulo      SP                               I06      00 000018
1020556778200016904370919641201300343000000000000000000000000000004863000000 40200000000000000000    000000501046102041310092000000000425000330437006N280820000000000000000140000000000000000000000000000000000000000000000100032693827825DIEGO SANTOS DA SILVA                   Avenida Elísio Teixeira Leite 960 ap 28 Vila Brasilâ02801000São Paulo      SP                               I06      00 000019
1020556778200016904370919641201300343000000000000000000000000000004871000000 40200000000000000000    000000501012102051708092000000000350000330437006N280820000000000000000120000000000000000000000000000000000000000000000100037050401897MARCIA APARECIDA DE CAMPOS OLIVEIRA     Rua Antônio Augusto de Barros 466 CASA  Brasilândia 02863100São Paulo      SP                               I06      00 000020
1020556778200016904370919641201300343000000000000000000000000000004880000000 40200000000000000000    000000501013102053015092000000000470560330437006N280820000000000000000160000000000000000000000000000000000000000000000100041228183899GILMAR NUNES DE SOUZA                   Rua Amanacaia 12 NÃO                    Jardim Vista02878150São Paulo      SP                               I06      00 000021
1020556778200016904370919641201300343000000000000000000000000000004898000000 40200000000000000000    000000501003102054320092000000000425000330437006N280820000000000000000140000000000000000000000000000000000000000000000100041170891888ANA JULIA PEREIRA LEFORTE               Avenida Elísio Teixeira Leite 960 AP 28 Vila Brasilâ02801000São Paulo      SP                               I06      00 000022
1020556778200016904370919641201300343000000000000000000000000000004901000000 40200000000000000000    000000501010102055608092000000000250000330437006N280820000000000000000080000000000000000000000000000000000000000000000100038682889889SABRINA SOUZA DE ANDRADE                Travessa Amadeu Cusco 46                Parque Belém02850075São Paulo      SP                               I06      00 000023
1020556778200016904370919641201300343000000000000000000000000000004910000000 40200000000000000000    000000501032102056910092000000000419900330437006N280820000000000000000140000000000000000000000000000000000000000000000100028600957800FABIO JUNIOR FURTADO                    Rua Apolinário Vieira Coelho 78 CASA 2  Vila Pita   02478120São Paulo      SP                               I06      00 000024
1020556778200016904370919641201300343000000000000000000000000000004928000000 40200000000000000000    000000501006102059510092000000000447130330437006N280820000000000000000150000000000000000000000000000000000000000000000100033535891809INGRED DE PAIVA MAGALHÃES               Rua Luiz Faccini 213 CS 03              Vila Teresin02853040São Paulo      SP                               I06      00 000025
1020556778200016904370919641201300343000000000000000000000000000004936000000 40200000000000000000    000000501005102060810092000000000697850330437006N280820000000000000000230000000000000000000000000000000000000000000000100034393162897VICENTE DA CONSOLAÇÃO PIRES JUNIOR      Avenida Deputado Cantídio Sampaio 4822  Vila Souza  02860001São Paulo      SP                               I06      00 000026
1020556778200016904370919641201300343000000000000000000000000000004944000000 40200000000000000000    000000501004102062101092000000000638200330437006N280820000000000000000210000000000000000000000000000000000000000000000100037677710808SABRINA CRISTINA VERONA MAZARO          Rua Brasil 41 F                         Parque Taipa02987180São Paulo      SP                               I06      00 000027
1020556778200016904370919641201300343000000000000000000000000000004952000000 40200000000000000000    000000501027102063408092000000000753670330437006N280820000000000000000250000000000000000000000000000000000000000000000100010338860762ALFREDO VIEIRA JUNIOR                   Rua Professor José Soares de Mello 179  Jardim Cente02882100São Paulo      SP                               I06      00 000028
1020556778200016904370919641201300343000000000000000000000000000004960000000 40200000000000000000    000000501029102064710092000000000250000330437006N280820000000000000000080000000000000000000000000000000000000000000000100039333668870MIDIÃ AUGUSTO BARBOSA DOS ANJOS         Avenida Deputado Cantídio Sampaio 2389  Vila Souza  02860001São Paulo      SP                               I06      00 000029
1020556778200016904370919641201300343000000000000000000000000000004979000000 40200000000000000000    000000501039102067320092000000000380000330437006N280820000000000000000130000000000000000000000000000000000000000000000100007535471633ANDREZA DE PAULA JESUS                  Rua José Pedreschi 123 NÃO              Vila Francos02881000São Paulo      SP                               I06      00 000030
1020556778200016904370919641201300343000000000000000000000000000004987000000 40200000000000000000    000000501040102068610092000000000380000330437006N280820000000000000000130000000000000000000000000000000000000000000000100035115045893SABRINA SOUZA BUZELIN DE MORAES AGUIAR  Rua Emílio Kemp 317 NÃO                 Vila Pentead02865000São Paulo      SP                               I06      00 000031
1020556778200016904370919641201300343000000000000000000000000000004995000000 40200000000000000000    000000501055102069915092000000000630000330437006N280820000000000000000210000000000000000000000000000000000000000000000100015302493845VALDIR CARAPINA                         Rua Augusto Gil 270 FUNDOS              Vila Dionisi02670070São Paulo      SP                               I06      00 000032
1020556778200016904370919641201300343000000000000000000000000000005002000000 40200000000000000000    000000501023102071210092000000000510270330437006N280820000000000000000170000000000000000000000000000000000000000000000100037496333808RAFAELA ANDRE SILVA                     Avenida Parada Pinto 207 apto 306       Vila Nova Ca02611003São Paulo      SP                               I06      00 000033
1020556778200016904370919641201300343000000000000000000000000000005010000000 40200000000000000000    000000501028102072510092000000000210000330437006N280820000000000000000070000000000000000000000000000000000000000000000100038580399858DANIELE AMANCIO                         Rua Spencer Vampré 126 NÃO              Vila Souza  02860030São Paulo      SP                               I06      00 000034
1020556778200016904370919641201300343000000000000000000000000000005029000000 40200000000000000000    000000501043102073825092000000000350000330437006N280820000000000000000120000000000000000000000000000000000000000000000100006050912505RENATA SOUZA CORREIA                    Rua do Farol 359                        Vila Itabera02847070São Paulo      SP                               I06      00 000035
1020556778200016904370919641201300343000000000000000000000000000005037000000 40200000000000000000    000000501056102075108092000000000430000330437006N280820000000000000000140000000000000000000000000000000000000000000000100029003980888ALESSANDRA HAGER VARRICHIO              Rua Waldomiro Ragonha 61                Vila Brasilâ02820100São Paulo      SP                               I06      00 000036
1020556778200016904370919641201300343000000000000000000000000000005045000000 40200000000000000000    000000501051102076410092000000000350000330437006N280820000000000000000120000000000000000000000000000000000000000000000100015096251861Simone Alves dos Santos                 Rua Doutor Gordiano Gaudêncio Rossi 300 Vila Pentead02864100São Paulo      SP                               I06      00 000037
1020556778200016904370919641201300343000000000000000000000000000005053000000 40200000000000000000    000000501002102077708092000000000518400330437006N280820000000000000000170000000000000000000000000000000000000000000000100035474237839DIEGO GOMES RIBEIRO                     Rua Jacaré-Copaíba 119 NÃO              Vila Marina 02965170São Paulo      SP                               I06      00 000038
9000039000000160823300000000000000000000000000000000000000000000000000000000000000000000000000000000000000000000000000000000000000000000000000000000000000000000000000000000000000000000000000000000000000000000000000000000000000000000000000000000000000000000000000000000000000000000000000000000000000000000000000000000000000000000000000000000000000000000000000000000000000000000000000000000000000000039
