01REMESSA01COBRANCA       04370919641201300343ESCOLA FUTUROS GENIOS.        033SANTANDER      0407200000000000000000                                                                                                                                                                                                                                                                                   000000001
1020556778200016904370919641201300343000000000000000000000000000004006000000 40200000000000000000    000000501005482011207072000000000301000330437006N040720000000000000000010000000000000000000000000000000000000000000000100036429746860DANILLO CALLANA SANÇÃO                  Rua Ari Carneiro Fernandes 74 NÃO       Jardim dos F02874000São Paulo      SP                               I06      00 000002
1020556778200016904370919641201300343000000000000000000000000000004014000000 40200000000000000000    000000501004482012520072000000000250000330437006N040720000000000000000080000000000000000000000000000000000000000000000100019346146885MARCIO OLIVEIRA MARQUES                 Rua Joaquina Maria dos Santos 96 A      Vila Souza  02860110São Paulo      SP                               I06      00 000003
1020556778200016904370919641201300343000000000000000000000000000004022000000 40200000000000000000    000000501005382015107072000000000552000330437006N040720000000000000000180000000000000000000000000000000000000000000000100030638571812Tatiane Alessandra da Silva             Rua Conselheiro Moreira de Barros 3600  Lauzane Paul02430002São Paulo      SP                               I06      00 000004
1020556778200016904370919641201300343000000000000000000000000000004030000000 40200000000000000000    000000501004282016407072000000000775200330437006N040720000000000000000260000000000000000000000000000000000000000000000100013000275843ANTONIO COSTA DOS SANTOS GONÇALVES      Rua Antônio Augusto de Barros 440 NÃO   Brasilândia 02863100São Paulo      SP                               I06      00 000005
1020556778200016904370919641201300343000000000000000000000000000004049000000 40200000000000000000    000000501001882022925072000000000279150330437006N040720000000000000000090000000000000000000000000000000000000000000000100043218514835ALINE SANTANA DE TOLEDO                 Travessa Adão Pereira da Silva 51       Jardim Alman02863140São Paulo      SP                               I06      00 000006
1020556778200016904370919641201300343000000000000000000000000000004057000000 40200000000000000000    000000501002182024220072000000000296600330437006N040720000000000000000010000000000000000000000000000000000000000000000100029580105898MARIA IVANILCE OLIVEIRA                 Rua Elza Guimarães 283 AP 511 BL 03     Vila Amália 02618010São Paulo      SP                               I06      00 000007
1020556778200016904370919641201300343000000000000000000000000000004065000000 40200000000000000000    000000501005082025510072000000000536200330437006N040720000000000000000180000000000000000000000000000000000000000000000100012878083873VICENTE NETO DE SOUZA SENA              Rua Amanacaia 122                       Jardim Vista02878150São Paulo      SP                               I06      00 000008
1020556778200016904370919641201300343000000000000000000000000000004065000000 40200000000000000000    000000501005082025510072000000000536200330437006N040720000000000000000180000000000000000000000000000000000000000000000100012878083873VICENTE NETO DE SOUZA SENA              Rua Amanacaia 122                       Jardim Vista02878150São Paulo      SP                               I06      00 000009
1020556778200016904370919641201300343000000000000000000000000000004073000000 40200000000000000000    000000501005282026815072000000000535500330437006N040720000000000000000180000000000000000000000000000000000000000000000100038118391876MICHELE CRISTINA ALVES DA SILVA         Rua Mendonça Júnior 555 BL 06 AP 34     Vila dos And02610010São Paulo      SP                               I06      00 000010
1020556778200016904370919641201300343000000000000000000000000000004081000000 40200000000000000000    000000501002682028110072000000000487500330437006N040720000000000000000160000000000000000000000000000000000000000000000100038823137810ANA CLAUDIA DO AMARAL                   Avenida Róssio do Carmo 113 casa 2      Vila Rica   02861090São Paulo      SP                               I06      00 000011
1020556778200016904370919641201300343000000000000000000000000000004090000000 40200000000000000000    000000501001182029410072000000000373500330437006N040720000000000000000120000000000000000000000000000000000000000000000100046036671830KAMILA PATRÍCIA SILVA BERING            Rua Jorge Mamede da Silva 37 CASA 2     Vila Souza  02860050São Paulo      SP                               I06      00 000012
1020556778200016904370919641201300343000000000000000000000000000004103000000 40200000000000000000    000000501004782030715072000000000441000330437006N040720000000000000000150000000000000000000000000000000000000000000000100089896670544IACIANA PEREIRA DO NASCIMENTO BEZERRA   Rua Lua de São Jorge 377                Jardim Alvin02991280São Paulo      SP                               I06      00 000013
1020556778200016904370919641201300343000000000000000000000000000004111000000 40200000000000000000    000000501003582032010072000000000551200330437006N040720000000000000000180000000000000000000000000000000000000000000000100037994567835BRUNO EDDINE DA SILVA                   Rua Hugo Van Der Góes 227 NÃO           Vila Pentead02866100São Paulo      SP                               I06      00 000014
1020556778200016904370919641201300343000000000000000000000000000004120000000 40200000000000000000    000000501002582033310072000000000497900330437006N040720000000000000000170000000000000000000000000000000000000000000000100036649004804MURILO BASTOS DE SOUZA                  Rua Ribeirinhos 76 NÃO                  Vila Rica   02861020São Paulo      SP                               I06      00 000015
1020556778200016904370919641201300343000000000000000000000000000004146000000 40200000000000000000    000000501003382037210072000000000274000330437006N040720000000000000000090000000000000000000000000000000000000000000000100029942563806DEYSE MURIEL DA SILVA VIEIRA            AV APARECIDA DO RIO NEGRO 553 AP 1001 T JARDIM IRIS 02675031São Paulo      SP                               I06      00 000016
1020556778200016904370919641201300343000000000000000000000000000004154000000 40200000000000000000    000000501003682038509072000000000763640330437006N040720000000000000000250000000000000000000000000000000000000000000000100001299456502ALESSANDRA NERES SANTOS                 Travessa Vancouver 78 caasa 03          Parque Belém02850120São Paulo      SP                               I06      00 000017
1020556778200016904370919641201300343000000000000000000000000000004162000000 40200000000000000000    000000501002482039807072000000000430320330437006N040720000000000000000140000000000000000000000000000000000000000000000100036568420867EMILI BATISTA DA SILVA                  Avenida Deputado Cantídio Sampaio 2910  Vila Souza  02860001São Paulo      SP                               I06      00 000018
1020556778200016904370919641201300343000000000000000000000000000004170000000 40200000000000000000    000000501004682041110072000000000508000330437006N040720000000000000000170000000000000000000000000000000000000000000000100032693827825DIEGO SANTOS DA SILVA                   Avenida Elísio Teixeira Leite 960 ap 28 Vila Brasilâ02801000São Paulo      SP                               I06      00 000019
1020556778200016904370919641201300343000000000000000000000000000004189000000 40200000000000000000    000000501002282045015072000000000236410330437006N040720000000000000000080000000000000000000000000000000000000000000000100045353053826WANESSA FERNANDA SILVA DE SOUZA         Rua do Arcadismo 137 NÃO                Vila Pentead02866130São Paulo      SP                               I06      00 000020
1020556778200016904370919641201300343000000000000000000000000000004197000000 40200000000000000000    000000501001282051507072000000000574240330437006N040720000000000000000190000000000000000000000000000000000000000000000100037050401897MARCIA APARECIDA DE CAMPOS OLIVEIRA     Rua Antônio Augusto de Barros 466 CASA  Brasilândia 02863100São Paulo      SP                               I06      00 000021
1020556778200016904370919641201300343000000000000000000000000000004200000000 40200000000000000000    000000501001382052815072000000000588200330437006N040720000000000000000020000000000000000000000000000000000000000000000100041228183899GILMAR NUNES DE SOUZA                   Rua Amanacaia 12 NÃO                    Jardim Vista02878150São Paulo      SP                               I06      00 000022
1020556778200016904370919641201300343000000000000000000000000000004219000000 40200000000000000000    000000501000382054120072000000000508000330437006N040720000000000000000170000000000000000000000000000000000000000000000100041170891888ANA JULIA PEREIRA LEFORTE               Avenida Elísio Teixeira Leite 960 AP 28 Vila Brasilâ02801000São Paulo      SP                               I06      00 000023
1020556778200016904370919641201300343000000000000000000000000000004227000000 40200000000000000000    000000501001082055407072000000000500000330437006N040720000000000000000170000000000000000000000000000000000000000000000100038682889889SABRINA SOUZA DE ANDRADE                Travessa Amadeu Cusco 46                Parque Belém02850075São Paulo      SP                               I06      00 000024
1020556778200016904370919641201300343000000000000000000000000000004235000000 40200000000000000000    000000501003282056710072000000000419900330437006N040720000000000000000140000000000000000000000000000000000000000000000100028600957800FABIO JUNIOR FURTADO                    Rua Apolinário Vieira Coelho 78 CASA 2  Vila Pita   02478120São Paulo      SP                               I06      00 000025
1020556778200016904370919641201300343000000000000000000000000000004243000000 40200000000000000000    000000501000682059310072000000000447130330437006N040720000000000000000150000000000000000000000000000000000000000000000100033535891809INGRED DE PAIVA MAGALHÃES               Rua Luiz Faccini 213 CS 03              Vila Teresin02853040São Paulo      SP                               I06      00 000026
1020556778200016904370919641201300343000000000000000000000000000004251000000 40200000000000000000    000000501002782063207072000000000753670330437006N040720000000000000000250000000000000000000000000000000000000000000000100010338860762ALFREDO VIEIRA JUNIOR                   Rua Professor José Soares de Mello 179  Jardim Cente02882100São Paulo      SP                               I06      00 000027
1020556778200016904370919641201300343000000000000000000000000000004260000000 40200000000000000000    000000501002982064510072000000000311050330437006N040720000000000000000010000000000000000000000000000000000000000000000100039333668870MIDIÃ AUGUSTO BARBOSA DOS ANJOS         Avenida Deputado Cantídio Sampaio 2389  Vila Souza  02860001São Paulo      SP                               I06      00 000028
1020556778200016904370919641201300343000000000000000000000000000004278000000 40200000000000000000    000000501003882065820072000000000580320330437006N040720000000000000000190000000000000000000000000000000000000000000000100027912412808RODRIGO COSME BRUNIALTI                 Rua Nogueira 157 NÃO                    Vila Pentead02864060São Paulo      SP                               I06      00 000029
1020556778200016904370919641201300343000000000000000000000000000004286000000 40200000000000000000    000000501003982067120072000000000380000330437006N040720000000000000000130000000000000000000000000000000000000000000000100007535471633ANDREZA DE PAULA JESUS                  Rua José Pedreschi 123 NÃO              Vila Francos02881000São Paulo      SP                               I06      00 000030
1020556778200016904370919641201300343000000000000000000000000000004294000000 40200000000000000000    000000501004082068410072000000000550300330437006N040720000000000000000180000000000000000000000000000000000000000000000100035115045893SABRINA SOUZA BUZELIN DE MORAES AGUIAR  Rua Emílio Kemp 317 NÃO                 Vila Pentead02865000São Paulo      SP                               I06      00 000031
1020556778200016904370919641201300343000000000000000000000000000004308000000 40200000000000000000    000000501002382071010072000000000510270330437006N040720000000000000000170000000000000000000000000000000000000000000000100037496333808RAFAELA ANDRE SILVA                     Avenida Parada Pinto 207 apto 306       Vila Nova Ca02611003São Paulo      SP                               I06      00 000032
1020556778200016904370919641201300343000000000000000000000000000004316000000 40200000000000000000    000000501004382073625072000000000350000330437006N040720000000000000000120000000000000000000000000000000000000000000000100006050912505RENATA SOUZA CORREIA                    Rua do Farol 359                        Vila Itabera02847070São Paulo      SP                               I06      00 000033
1020556778200016904370919641201300343000000000000000000000000000004324000000 40200000000000000000    000000501005182076210072000000000527000330437006N040720000000000000000180000000000000000000000000000000000000000000000100015096251861Simone Alves dos Santos                 Rua Doutor Gordiano Gaudêncio Rossi 300 Vila Pentead02864100São Paulo      SP                               I06      00 000034
1020556778200016904370919641201300343000000000000000000000000000004332000000 40200000000000000000    000000501000282077507072000000000518400330437006N040720000000000000000170000000000000000000000000000000000000000000000100035474237839DIEGO GOMES RIBEIRO                     Rua Jacaré-Copaíba 119 NÃO              Vila Marina 02965170São Paulo      SP                               I06      00 000035
9000036000000016143800000000000000000000000000000000000000000000000000000000000000000000000000000000000000000000000000000000000000000000000000000000000000000000000000000000000000000000000000000000000000000000000000000000000000000000000000000000000000000000000000000000000000000000000000000000000000000000000000000000000000000000000000000000000000000000000000000000000000000000000000000000000000000036
