01REMESSA01COBRANCA       04370919641201300343ESCOLA FUTUROS GENIOS.        033SANTANDER      0806200000000000000000                                                                                                                                                                                                                                                                                   000000001
1020556778200016904370919641201300343000000000000000000000000000012700000000 40200000000000000000    000000501000000000010062000000000574240330437006N080620000000000000000190000000000000000000000000000000000000000000000100037050401897MARCIA APARECIDA DE CAMPOS OLIVEIRA     Rua Antônio Augusto de Barros 466 CASA  Brasilândia 02863100São Paulo      SP                               I06      00 000002
1020556778200016904370919641201300343000000000000000000000000000026700000000 40200000000000000000    000000501000000000020062000000000487500330437006N080620000000000000000160000000000000000000000000000000000000000000000100038823137810ANA CLAUDIA DO AMARAL                   Avenida Róssio do Carmo 113 casa 2      Vila Rica   02861090São Paulo      SP                               I06      00 000003
1020556778200016904370919641201300343000000000000000000000000000050709000000 40200000000000000000    000000501000000000010062000000000536200330437006N080620000000000000000180000000000000000000000000000000000000000000000100012878083873VICENTE NETO DE SOUZA SENA              Rua Amanacaia 122                       Jardim Vista02878150São Paulo      SP                               I06      00 000004
1020556778200016904370919641201300343000000000000000000000000000054704000000 40200000000000000000    000000501000000000010062000000000365500330437006N080620000000000000000120000000000000000000000000000000000000000000000100036429746860DANILLO CALLANA SANÇÃO                  Rua Ari Carneiro Fernandes 74 NÃO       Jardim dos F02874000São Paulo      SP                               I06      00 000005
1020556778200016904370919641201300343000000000000000000000000000060704000000 40200000000000000000    000000501000000000010062000000000130000330437006N080620000000000000000040000000000000000000000000000000000000000000000100005435513421PATRICIA DIAS DE OLIVEIRA               Rua Eduardo Costa 174                   Jardim Damas02879110São Paulo      SP                               I06      00 000006
1020556778200016904370919641201300343000000000000000000000000000050709000000 40200000000000000000    000000501000000000010062000000000536200330437006N080620000000000000000180000000000000000000000000000000000000000000000100012878083873VICENTE NETO DE SOUZA SENA              Rua Amanacaia 122                       Jardim Vista02878150São Paulo      SP                               I06      00 000007
9000009000000027596400000000000000000000000000000000000000000000000000000000000000000000000000000000000000000000000000000000000000000000000000000000000000000000000000000000000000000000000000000000000000000000000000000000000000000000000000000000000000000000000000000000000000000000000000000000000000000000000000000000000000000000000000000000000000000000000000000000000000000000000000000000000000000009