01REMESSA01COBRANCA       04370919641201300343ESCOLA FUTUROS GENIOS.        033SANTANDER      2907200000000000000000                                                                                                                                                                                                                                                                                   000000001
1020556778200016904370919641201300343000000000000000000000000000004324000000 40200000000000000000    000000501004492012620082000000000250000330437006N290720000000000000000080000000000000000000000000000000000000000000000100019346146885MARCIO OLIVEIRA MARQUES                 Rua Joaquina Maria dos Santos 96 A      Vila Souza  02860110São Paulo      SP                               I06      00 000002
1020556778200016904370919641201300343000000000000000000000000000004332000000 40200000000000000000    000000501005392015207082000000000552000330437006N290720000000000000000180000000000000000000000000000000000000000000000100030638571812Tatiane Alessandra da Silva             Rua Conselheiro Moreira de Barros 3600  Lauzane Paul02430002São Paulo      SP                               I06      00 000003
1020556778200016904370919641201300343000000000000000000000000000004340000000 40200000000000000000    000000501004292016507082000000000775200330437006N290720000000000000000260000000000000000000000000000000000000000000000100013000275843ANTONIO COSTA DOS SANTOS GONÇALVES      Rua Antônio Augusto de Barros 440 NÃO   Brasilândia 02863100São Paulo      SP                               I06      00 000004
1020556778200016904370919641201300343000000000000000000000000000004359000000 40200000000000000000    000000501000792019102082000000000420000330437006N290720000000000000000140000000000000000000000000000000000000000000000100008740846873MARTA APARECIDA VENTURA PEREIRA DA SILVARua Mário de Sá Carneiro 301 CASA 04    Jardim Cente02882140São Paulo      SP                               I06      00 000005
1020556778200016904370919641201300343000000000000000000000000000004367000000 40200000000000000000    000000501000892020401082000000000420000330437006N290720000000000000000140000000000000000000000000000000000000000000000100008740846873MARTA APARECIDA VENTURA PEREIRA DA SILVARua Mário de Sá Carneiro 301 CASA 04    Jardim Cente02882140São Paulo      SP                               I06      00 000006
1020556778200016904370919641201300343000000000000000000000000000004375000000 40200000000000000000    000000501001892023025082000000000279150330437006N290720000000000000000090000000000000000000000000000000000000000000000100043218514835ALINE SANTANA DE TOLEDO                 Travessa Adão Pereira da Silva 51       Jardim Alman02863140São Paulo      SP                               I06      00 000007
1020556778200016904370919641201300343000000000000000000000000000004383000000 40200000000000000000    000000501005092025610082000000000536200330437006N290720000000000000000180000000000000000000000000000000000000000000000100012878083873VICENTE NETO DE SOUZA SENA              Rua Amanacaia 122                       Jardim Vista02878150São Paulo      SP                               I06      00 000008
1020556778200016904370919641201300343000000000000000000000000000004391000000 40200000000000000000    000000501005292026915082000000000535500330437006N290720000000000000000180000000000000000000000000000000000000000000000100038118391876MICHELE CRISTINA ALVES DA SILVA         Rua Mendonça Júnior 555 BL 06 AP 34     Vila dos And02610010São Paulo      SP                               I06      00 000009
1020556778200016904370919641201300343000000000000000000000000000004405000000 40200000000000000000    000000501002692028210082000000000440000330437006N290720000000000000000150000000000000000000000000000000000000000000000100038823137810ANA CLAUDIA DO AMARAL                   Avenida Róssio do Carmo 113 casa 2      Vila Rica   02861090São Paulo      SP                               I06      00 000010
1020556778200016904370919641201300343000000000000000000000000000004413000000 40200000000000000000    000000501001192029510082000000000373500330437006N290720000000000000000120000000000000000000000000000000000000000000000100046036671830KAMILA PATRÍCIA SILVA BERING            Rua Jorge Mamede da Silva 37 CASA 2     Vila Souza  02860050São Paulo      SP                               I06      00 000011
1020556778200016904370919641201300343000000000000000000000000000004421000000 40200000000000000000    000000501004792030815082000000000441000330437006N290720000000000000000150000000000000000000000000000000000000000000000100089896670544IACIANA PEREIRA DO NASCIMENTO BEZERRA   Rua Lua de São Jorge 377                Jardim Alvin02991280São Paulo      SP                               I06      00 000012
1020556778200016904370919641201300343000000000000000000000000000004430000000 40200000000000000000    000000501003592032110082000000000551200330437006N290720000000000000000180000000000000000000000000000000000000000000000100037994567835BRUNO EDDINE DA SILVA                   Rua Hugo Van Der Góes 227 NÃO           Vila Pentead02866100São Paulo      SP                               I06      00 000013
1020556778200016904370919641201300343000000000000000000000000000004448000000 40200000000000000000    000000501002592033410082000000000497900330437006N290720000000000000000170000000000000000000000000000000000000000000000100036649004804MURILO BASTOS DE SOUZA                  Rua Ribeirinhos 76 NÃO                  Vila Rica   02861020São Paulo      SP                               I06      00 000014
1020556778200016904370919641201300343000000000000000000000000000004456000000 40200000000000000000    000000501004592036020082000000000597160330437006N290720000000000000000020000000000000000000000000000000000000000000000100040925715859RAFAELA DE CASTRO BARBOSA               Rua Engenheiro Pereira Passos 257 NÃO   Parque Belém02850020São Paulo      SP                               I06      00 000015
1020556778200016904370919641201300343000000000000000000000000000004464000000 40200000000000000000    000000501003392037310082000000000274000330437006N290720000000000000000090000000000000000000000000000000000000000000000100029942563806DEYSE MURIEL DA SILVA VIEIRA            AV APARECIDA DO RIO NEGRO 553 AP 1001 T JARDIM IRIS 02675031São Paulo      SP                               I06      00 000016
1020556778200016904370919641201300343000000000000000000000000000004472000000 40200000000000000000    000000501003692038607082000000000763640330437006N290720000000000000000250000000000000000000000000000000000000000000000100001299456502ALESSANDRA NERES SANTOS                 Travessa Vancouver 78 caasa 03          Parque Belém02850120São Paulo      SP                               I06      00 000017
1020556778200016904370919641201300343000000000000000000000000000004480000000 40200000000000000000    000000501002492039907082000000000430320330437006N290720000000000000000140000000000000000000000000000000000000000000000100036568420867EMILI BATISTA DA SILVA                  Avenida Deputado Cantídio Sampaio 2910  Vila Souza  02860001São Paulo      SP                               I06      00 000018
1020556778200016904370919641201300343000000000000000000000000000004499000000 40200000000000000000    000000501004692041210082000000000508000330437006N290720000000000000000170000000000000000000000000000000000000000000000100032693827825DIEGO SANTOS DA SILVA                   Avenida Elísio Teixeira Leite 960 ap 28 Vila Brasilâ02801000São Paulo      SP                               I06      00 000019
1020556778200016904370919641201300343000000000000000000000000000004502000000 40200000000000000000    000000501001592043807082000000000446590330437006N290720000000000000000150000000000000000000000000000000000000000000000100001322873402ADNA KELLY FERREIRA LEITE               Rua Nicolau Tolentino de Almeida 61 BLO Vila Dionisi02671020São Paulo      SP                               I06      00 000020
1020556778200016904370919641201300343000000000000000000000000000004510000000 40200000000000000000    000000501001492050301082000000000574500330437006N290720000000000000000190000000000000000000000000000000000000000000000100015969583758CHARLES GONÇALVES SOS SANTOS            Rua Jaime Manhani 92                    Jardim Carom02855070São Paulo      SP                               I06      00 000021
1020556778200016904370919641201300343000000000000000000000000000004529000000 40200000000000000000    000000501001292051607082000000000574240330437006N290720000000000000000190000000000000000000000000000000000000000000000100037050401897MARCIA APARECIDA DE CAMPOS OLIVEIRA     Rua Antônio Augusto de Barros 466 CASA  Brasilândia 02863100São Paulo      SP                               I06      00 000022
1020556778200016904370919641201300343000000000000000000000000000004537000000 40200000000000000000    000000501001392052915082000000000470560330437006N290720000000000000000160000000000000000000000000000000000000000000000100041228183899GILMAR NUNES DE SOUZA                   Rua Amanacaia 12 NÃO                    Jardim Vista02878150São Paulo      SP                               I06      00 000023
1020556778200016904370919641201300343000000000000000000000000000004545000000 40200000000000000000    000000501001092055507082000000000500000330437006N290720000000000000000170000000000000000000000000000000000000000000000100038682889889SABRINA SOUZA DE ANDRADE                Travessa Amadeu Cusco 46                Parque Belém02850075São Paulo      SP                               I06      00 000024
1020556778200016904370919641201300343000000000000000000000000000004553000000 40200000000000000000    000000501003292056810082000000000419900330437006N290720000000000000000140000000000000000000000000000000000000000000000100028600957800FABIO JUNIOR FURTADO                    Rua Apolinário Vieira Coelho 78 CASA 2  Vila Pita   02478120São Paulo      SP                               I06      00 000025
1020556778200016904370919641201300343000000000000000000000000000004561000000 40200000000000000000    000000501000692059410082000000000687900330437006N290720000000000000000230000000000000000000000000000000000000000000000100033535891809INGRED DE PAIVA MAGALHÃES               Rua Luiz Faccini 213 CS 03              Vila Teresin02853040São Paulo      SP                               I06      00 000026
1020556778200016904370919641201300343000000000000000000000000000004570000000 40200000000000000000    000000501000592060710082000000000697850330437006N290720000000000000000230000000000000000000000000000000000000000000000100034393162897VICENTE DA CONSOLAÇÃO PIRES JUNIOR      Avenida Deputado Cantídio Sampaio 4822  Vila Souza  02860001São Paulo      SP                               I06      00 000027
1020556778200016904370919641201300343000000000000000000000000000004588000000 40200000000000000000    000000501000492062001082000000000638200330437006N290720000000000000000210000000000000000000000000000000000000000000000100037677710808SABRINA CRISTINA VERONA MAZARO          Rua Brasil 41 F                         Parque Taipa02987180São Paulo      SP                               I06      00 000028
1020556778200016904370919641201300343000000000000000000000000000004596000000 40200000000000000000    000000501002792063307082000000000753670330437006N290720000000000000000250000000000000000000000000000000000000000000000100010338860762ALFREDO VIEIRA JUNIOR                   Rua Professor José Soares de Mello 179  Jardim Cente02882100São Paulo      SP                               I06      00 000029
1020556778200016904370919641201300343000000000000000000000000000004600000000 40200000000000000000    000000501002992064610082000000000250000330437006N290720000000000000000080000000000000000000000000000000000000000000000100039333668870MIDIÃ AUGUSTO BARBOSA DOS ANJOS         Avenida Deputado Cantídio Sampaio 2389  Vila Souza  02860001São Paulo      SP                               I06      00 000030
1020556778200016904370919641201300343000000000000000000000000000004618000000 40200000000000000000    000000501003892065920082000000000493270330437006N290720000000000000000160000000000000000000000000000000000000000000000100027912412808RODRIGO COSME BRUNIALTI                 Rua Nogueira 157 NÃO                    Vila Pentead02864060São Paulo      SP                               I06      00 000031
1020556778200016904370919641201300343000000000000000000000000000004626000000 40200000000000000000    000000501003992067220082000000000380000330437006N290720000000000000000130000000000000000000000000000000000000000000000100007535471633ANDREZA DE PAULA JESUS                  Rua José Pedreschi 123 NÃO              Vila Francos02881000São Paulo      SP                               I06      00 000032
1020556778200016904370919641201300343000000000000000000000000000004634000000 40200000000000000000    000000501004092068510082000000000380000330437006N290720000000000000000130000000000000000000000000000000000000000000000100035115045893SABRINA SOUZA BUZELIN DE MORAES AGUIAR  Rua Emílio Kemp 317 NÃO                 Vila Pentead02865000São Paulo      SP                               I06      00 000033
1020556778200016904370919641201300343000000000000000000000000000004642000000 40200000000000000000    000000501002392071110082000000000510270330437006N290720000000000000000170000000000000000000000000000000000000000000000100037496333808RAFAELA ANDRE SILVA                     Avenida Parada Pinto 207 apto 306       Vila Nova Ca02611003São Paulo      SP                               I06      00 000034
1020556778200016904370919641201300343000000000000000000000000000004650000000 40200000000000000000    000000501002892072410082000000000210000330437006N290720000000000000000070000000000000000000000000000000000000000000000100038580399858DANIELE AMANCIO                         Rua Spencer Vampré 126 NÃO              Vila Souza  02860030São Paulo      SP                               I06      00 000035
1020556778200016904370919641201300343000000000000000000000000000004669000000 40200000000000000000    000000501004392073725082000000000350000330437006N290720000000000000000120000000000000000000000000000000000000000000000100006050912505RENATA SOUZA CORREIA                    Rua do Farol 359                        Vila Itabera02847070São Paulo      SP                               I06      00 000036
1020556778200016904370919641201300343000000000000000000000000000004677000000 40200000000000000000    000000501005192076310082000000000447130330437006N290720000000000000000150000000000000000000000000000000000000000000000100015096251861Simone Alves dos Santos                 Rua Doutor Gordiano Gaudêncio Rossi 300 Vila Pentead02864100São Paulo      SP                               I06      00 000037
1020556778200016904370919641201300343000000000000000000000000000004685000000 40200000000000000000    000000501000292077607082000000000518400330437006N290720000000000000000170000000000000000000000000000000000000000000000100035474237839DIEGO GOMES RIBEIRO                     Rua Jacaré-Copaíba 119 NÃO              Vila Marina 02965170São Paulo      SP                               I06      00 000038
9000039000000179472500000000000000000000000000000000000000000000000000000000000000000000000000000000000000000000000000000000000000000000000000000000000000000000000000000000000000000000000000000000000000000000000000000000000000000000000000000000000000000000000000000000000000000000000000000000000000000000000000000000000000000000000000000000000000000000000000000000000000000000000000000000000000000039
