01REMESSA01COBRANCA       04370919641201300343ESCOLA FUTUROS GENIOS.        033SANTANDER      2804200000000000000000                                                                                                                                                                                                                                                                                   000000001
1020556778200016904370919641201300343000000000000000000000000000002607000000 40200000000000000000    000000501000000000001052000000000518400330437006N280420000000000000000170000000000000000000000000000000000000000000000100035474237839DIEGO GOMES RIBEIRO                     Rua Jacaré-Copaíba 119 NÃO              Vila Marina 02965170São Paulo      SP                               I06      00 000002
1020556778200016904370919641201300343000000000000000000000000000006602000000 40200000000000000000    000000501000000000010052000000000687900330437006N280420000000000000000230000000000000000000000000000000000000000000000100033535891809INGRED DE PAIVA MAGALHÃES               Rua Luiz Faccini 213 CS 03              Vila Teresin02853040São Paulo      SP                               I06      00 000003
1020556778200016904370919641201300343000000000000000000000000000007609000000 40200000000000000000    000000501000000000001052000000000420000330437006N280420000000000000000140000000000000000000000000000000000000000000000100008740846873MARTA APARECIDA VENTURA PEREIRA DA SILVARua Mário de Sá Carneiro 301 CASA 04    Jardim Cente02882140São Paulo      SP                               I06      00 000004
1020556778200016904370919641201300343000000000000000000000000000008605000000 40200000000000000000    000000501000000000001052000000000420000330437006N280420000000000000000140000000000000000000000000000000000000000000000100008740846873MARTA APARECIDA VENTURA PEREIRA DA SILVARua Mário de Sá Carneiro 301 CASA 04    Jardim Cente02882140São Paulo      SP                               I06      00 000005
1020556778200016904370919641201300343000000000000000000000000000010600000000 40200000000000000000    000000501000000000001052000000000700000330437006N280420000000000000000230000000000000000000000000000000000000000000000100038682889889SABRINA SOUZA DE ANDRADE                Travessa Amadeu Cusco 46                Parque Belém02850075São Paulo      SP                               I06      00 000006
1020556778200016904370919641201300343000000000000000000000000000011606000000 40200000000000000000    000000501000000000010052000000000423690330437006N280420000000000000000140000000000000000000000000000000000000000000000100046036671830KAMILA PATRÍCIA SILVA BERING            Rua Jorge Mamede da Silva 37 CASA 2     Vila Souza  02860050São Paulo      SP                               I06      00 000007
1020556778200016904370919641201300343000000000000000000000000000012602000000 40200000000000000000    000000501000000000008052000000000717800330437006N280420000000000000000240000000000000000000000000000000000000000000000100037050401897MARCIA APARECIDA DE CAMPOS OLIVEIRA     Rua Antônio Augusto de Barros 466 CASA  Brasilândia 02863100São Paulo      SP                               I06      00 000008
1020556778200016904370919641201300343000000000000000000000000000003603000000 40200000000000000000    000000501000000000010052000000000565000330437006N280420000000000000000190000000000000000000000000000000000000000000000100041170891888ANA JULIA PEREIRA LEFORTE               Avenida Elísio Teixeira Leite 960 AP 28 Vila Brasilâ02801000São Paulo      SP                               I06      00 000009
1020556778200016904370919641201300343000000000000000000000000000004600000000 40200000000000000000    000000501000000000001052000000000700000330437006N280420000000000000000230000000000000000000000000000000000000000000000100037677710808SABRINA CRISTINA VERONA MAZARO          Rua Brasil 41 F                         Parque Taipa02987180São Paulo      SP                               I06      00 000010
1020556778200016904370919641201300343000000000000000000000000000005606000000 40200000000000000000    000000501000000000001052000000000697850330437006N280420000000000000000230000000000000000000000000000000000000000000000100034393162897VICENTE DA CONSOLAÇÃO PIRES JUNIOR      Avenida Deputado Cantídio Sampaio 4822  Vila Souza  02860001São Paulo      SP                               I06      00 000011
1020556778200016904370919641201300343000000000000000000000000000014605000000 40200000000000000000    000000501000000000001052000000000763040330437006N280420000000000000000250000000000000000000000000000000000000000000000100015969583758CHARLES GONÇALVES SOS SANTOS            Rua Jaime Manhani 92                    Jardim Carom02855070São Paulo      SP                               I06      00 000012
1020556778200016904370919641201300343000000000000000000000000000015601000000 40200000000000000000    000000501000000000008052000000000525400330437006N280420000000000000000170000000000000000000000000000000000000000000000100001322873402ADNA KELLY FERREIRA LEITE               Rua Nicolau Tolentino de Almeida 61 BLO Vila Dionisi02671020São Paulo      SP                               I06      00 000013
1020556778200016904370919641201300343000000000000000000000000000018600000000 40200000000000000000    000000501000000000025052000000000398760330437006N280420000000000000000130000000000000000000000000000000000000000000000100043218514835ALINE SANTANA DE TOLEDO                 Travessa Adão Pereira da Silva 51       Jardim Alman02863140São Paulo      SP                               I06      00 000014
1020556778200016904370919641201300343000000000000000000000000000019607000000 40200000000000000000    000000501000000000010052000000000640000330437006N280420000000000000000210000000000000000000000000000000000000000000000100032552589871CRISTIANE URA DE MORAES                 Rua Alberto Capellani 97                Parque Belém02850007São Paulo      SP                               I06      00 000015
1020556778200016904370919641201300343000000000000000000000000000021601000000 40200000000000000000    000000501000000000020052000000000296600330437006N280420000000000000000010000000000000000000000000000000000000000000000100029580105898MARIA IVANILCE OLIVEIRA                 Rua Elza Guimarães 283 AP 511 BL 03     Vila Amália 02618010São Paulo      SP                               I06      00 000016
1020556778200016904370919641201300343000000000000000000000000000022608000000 40200000000000000000    000000501000000000015052000000000525370330437006N280420000000000000000170000000000000000000000000000000000000000000000100045353053826WANESSA FERNANDA SILVA DE SOUZA         Rua do Arcadismo 137 NÃO                Vila Pentead02866130São Paulo      SP                               I06      00 000017
1020556778200016904370919641201300343000000000000000000000000000023604000000 40200000000000000000    000000501000000000010052000000000600000330437006N280420000000000000000020000000000000000000000000000000000000000000000100037496333808RAFAELA ANDRE SILVA                     Avenida Parada Pinto 207 apto 306       Vila Nova Ca02611003São Paulo      SP                               I06      00 000018
1020556778200016904370919641201300343000000000000000000000000000024600000000 40200000000000000000    000000501000000000008052000000000525370330437006N280420000000000000000170000000000000000000000000000000000000000000000100036568420867EMILI BATISTA DA SILVA                  Avenida Deputado Cantídio Sampaio 2910  Vila Souza  02860001São Paulo      SP                               I06      00 000019
1020556778200016904370919641201300343000000000000000000000000000025607000000 40200000000000000000    000000501000000000010052000000000651100330437006N280420000000000000000220000000000000000000000000000000000000000000000100036649004804MURILO BASTOS DE SOUZA                  Rua Ribeirinhos 76 NÃO                  Vila Rica   02861020São Paulo      SP                               I06      00 000020
1020556778200016904370919641201300343000000000000000000000000000026603000000 40200000000000000000    000000501000000000010052000000000650000330437006N280420000000000000000220000000000000000000000000000000000000000000000100038823137810ANA CLAUDIA DO AMARAL                   Avenida Róssio do Carmo 113 casa 2      Vila Rica   02861090São Paulo      SP                               I06      00 000021
1020556778200016904370919641201300343000000000000000000000000000027600000000 40200000000000000000    000000501000000000008052000000000753670330437006N280420000000000000000250000000000000000000000000000000000000000000000100010338860762ALFREDO VIEIRA JUNIOR                   Rua Professor José Soares de Mello 179  Jardim Cente02882100São Paulo      SP                               I06      00 000022
1020556778200016904370919641201300343000000000000000000000000000028606000000 40200000000000000000    000000501000000000010052000000000323000330437006N280420000000000000000110000000000000000000000000000000000000000000000100038580399858DANIELE AMANCIO                         Rua Spencer Vampré 126 NÃO              Vila Souza  02860030São Paulo      SP                               I06      00 000023
1020556778200016904370919641201300343000000000000000000000000000029602000000 40200000000000000000    000000501000000000010052000000000349920330437006N280420000000000000000120000000000000000000000000000000000000000000000100036207436814ROGERIO ALVES DOS ANJOS                 Avenida Deputado Cantídio Sampaio 2384  Vila Souza  02860001São Paulo      SP                               I06      00 000024
1020556778200016904370919641201300343000000000000000000000000000030600000000 40200000000000000000    000000501000000000010052000000000478520330437006N280420000000000000000160000000000000000000000000000000000000000000000100015248324807SALWA MAHMOUD BAKRI SOUZA               Rua Benigno 128 NÃO                     Vila Maria L02754-04São Paulo      SP                               I06      00 000025
1020556778200016904370919641201300343000000000000000000000000000032603000000 40200000000000000000    000000501000000000010052000000000419900330437006N280420000000000000000140000000000000000000000000000000000000000000000100028600957800FABIO JUNIOR FURTADO                    Rua Apolinário Vieira Coelho 78 CASA 2  Vila Pita   02478120São Paulo      SP                               I06      00 000026
1020556778200016904370919641201300343000000000000000000000000000033600000000 40200000000000000000    000000501000000000010052000000000274000330437006N280420000000000000000090000000000000000000000000000000000000000000000100029942563806DEYSE MURIEL DA SILVA VIEIRA            AV APARECIDA DO RIO NEGRO 553 AP 1001 T JARDIM IRIS 02675031São Paulo      SP                               I06      00 000027
1020556778200016904370919641201300343000000000000000000000000000035602000000 40200000000000000000    000000501000000000010052000000000687880330437006N280420000000000000000230000000000000000000000000000000000000000000000100037994567835BRUNO EDDINE DA SILVA                   Rua Hugo Van Der Góes 227 NÃO           Vila Pentead02866100São Paulo      SP                               I06      00 000028
1020556778200016904370919641201300343000000000000000000000000000036609000000 40200000000000000000    000000501000000000008052000000000763640330437006N280420000000000000000250000000000000000000000000000000000000000000000100001299456502ALESSANDRA NERES SANTOS                 Travessa Vancouver 78 caasa 03          Parque Belém02850120São Paulo      SP                               I06      00 000029
1020556778200016904370919641201300343000000000000000000000000000037605000000 40200000000000000000    000000501000000000020052000000000500000330437006N280420000000000000000170000000000000000000000000000000000000000000000100029253960892FERNANDA RODRIGUES ALVES CARDOSO        Rua Doutor Francisco Eugênio do Amaral  Jardim Peri 02672120São Paulo      SP                               I06      00 000030
1020556778200016904370919641201300343000000000000000000000000000038601000000 40200000000000000000    000000501000000000020052000000000580320330437006N280420000000000000000190000000000000000000000000000000000000000000000100027912412808RODRIGO COSME BRUNIALTI                 Rua Nogueira 157 NÃO                    Vila Pentead02864060São Paulo      SP                               I06      00 000031
1020556778200016904370919641201300343000000000000000000000000000039608000000 40200000000000000000    000000501000000000020052000000000380000330437006N280420000000000000000130000000000000000000000000000000000000000000000100007535471633ANDREZA DE PAULA JESUS                  Rua José Pedreschi 123 NÃO              Vila Francos02881000São Paulo      SP                               I06      00 000032
1020556778200016904370919641201300343000000000000000000000000000040606000000 40200000000000000000    000000501000000000010052000000000687900330437006N280420000000000000000230000000000000000000000000000000000000000000000100035115045893SABRINA SOUZA BUZELIN DE MORAES AGUIAR  Rua Emílio Kemp 317 NÃO                 Vila Pentead02865000São Paulo      SP                               I06      00 000033
1020556778200016904370919641201300343000000000000000000000000000041602000000 40200000000000000000    000000501000000000015052000000000687900330437006N280420000000000000000230000000000000000000000000000000000000000000000100017627264839NORBERTO MUNIZ DE SOUZA                 Rua Ipameri 370 casa 19                 Vila Pentead02864030São Paulo      SP                               I06      00 000034
1020556778200016904370919641201300343000000000000000000000000000042609000000 40200000000000000000    000000501000000000008052000000000775200330437006N280420000000000000000260000000000000000000000000000000000000000000000100013000275843ANTONIO COSTA DOS SANTOS GONÇALVES      Rua Antônio Augusto de Barros 440 NÃO   Brasilândia 02863100São Paulo      SP                               I06      00 000035
1020556778200016904370919641201300343000000000000000000000000000043605000000 40200000000000000000    000000501000000000025052000000000350000330437006N280420000000000000000120000000000000000000000000000000000000000000000100006050912505RENATA SOUZA CORREIA                    Rua do Farol 359                        Vila Itabera02847070São Paulo      SP                               I06      00 000036
1020556778200016904370919641201300343000000000000000000000000000044601000000 40200000000000000000    000000501000000000008052000000000345600330437006N280420000000000000000120000000000000000000000000000000000000000000000100019346146885MARCIO OLIVEIRA MARQUES                 Rua Joaquina Maria dos Santos 96 A      Vila Souza  02860110São Paulo      SP                               I06      00 000037
1020556778200016904370919641201300343000000000000000000000000000046604000000 40200000000000000000    000000501000000000025052000000000565000330437006N280420000000000000000190000000000000000000000000000000000000000000000100032693827825DIEGO SANTOS DA SILVA                   Avenida Elísio Teixeira Leite 960 ap 28 Vila Brasilâ02801000São Paulo      SP                               I06      00 000038
1020556778200016904370919641201300343000000000000000000000000000013609000000 40200000000000000000    000000501000000000015052000000000588200330437006N280420000000000000000020000000000000000000000000000000000000000000000100041228183899GILMAR NUNES DE SOUZA                   Rua Amanacaia 12 NÃO                    Jardim Vista02878150São Paulo      SP                               I06      00 000039
1020556778200016904370919641201300343000000000000000000000000000047600000000 40200000000000000000    000000501000000000015052000000000630000330437006N280420000000000000000210000000000000000000000000000000000000000000000100089896670544IACIANA PEREIRA DO NASCIMENTO BEZERRA   Rua Lua de São Jorge 377                Jardim Alvin02991280São Paulo      SP                               I06      00 000040
1020556778200016904370919641201300343000000000000000000000000000048607000000 40200000000000000000    000000501000000000008052000000000527000330437006N280420000000000000000180000000000000000000000000000000000000000000000100037852008895RITA DO NASCIMENTO IMAI                 Avenida Parada Pinto 737 apto 11 bloco  Vila Nova Ca02611003São Paulo      SP                               I06      00 000041
1020556778200016904370919641201300343000000000000000000000000000049603000000 40200000000000000000    000000501000000000020052000000000469600330437006N280420000000000000000160000000000000000000000000000000000000000000000100001297494512MARIA APARECIDA CARVALHO LIMA           Rua Firminópolis 1204 CASA 1            Jardim Vista02878000São Paulo      SP                               I06      00 000042
1020556778200016904370919641201300343000000000000000000000000000050601000000 40200000000000000000    000000501000000000010052000000000651100330437006N280420000000000000000220000000000000000000000000000000000000000000000100044960005807Karina da Cunha Sena                    Rua Amanacaia 122                       Jardim Vista02878150São Paulo      SP                               I06      00 000043
1020556778200016904370919641201300343000000000000000000000000000051608000000 40200000000000000000    000000501000000000010052000000000620000330437006N280420000000000000000210000000000000000000000000000000000000000000000100015096251861Simone Alves dos Santos                 Rua Doutor Gordiano Gaudêncio Rossi 300 Vila Pentead02864100São Paulo      SP                               I06      00 000044
1020556778200016904370919641201300343000000000000000000000000000052604000000 40200000000000000000    000000501000000000015052000000000630000330437006N280420000000000000000210000000000000000000000000000000000000000000000100038118391876MICHELE CRISTINA ALVES DA SILVA         Rua Mendonça Júnior 555 BL 06 AP 34     Vila dos And02610010São Paulo      SP                               I06      00 000045
1020556778200016904370919641201300343000000000000000000000000000053600000000 40200000000000000000    000000501000000000008052000000000552000330437006N280420000000000000000180000000000000000000000000000000000000000000000100030638571812Tatiane Alessandra da Silva             Rua Conselheiro Moreira de Barros 3600  Lauzane Paul02430002São Paulo      SP                               I06      00 000046
1020556778200016904370919641201300343000000000000000000000000000054607000000 40200000000000000000    000000501000000000008052000000000430000330437006N280420000000000000000140000000000000000000000000000000000000000000000100036429746860DANILLO CALLANA SANÇÃO                  Rua Ari Carneiro Fernandes 74 NÃO       Jardim dos F02874000São Paulo      SP                               I06      00 000047
1020556778200016904370919641201300343000000000000000000000000000060607000000 40200000000000000000    000000501000000000010052000000000240000330437006N280420000000000000000080000000000000000000000000000000000000000000000100037573129882ROBSON OLIVEIRA DA SILVA                Rua Eduardo Costa 174                   Jardim Damas02879110São Paulo      SP                               I06      00 000048
1020556778200016904370919641201300343000000000000000000000000000061603000000 40200000000000000000    000000501000000000030052000000000400000330437006N280420000000000000000130000000000000000000000000000000000000000000000100042481726820JONATHAN BADARÓ BARBOSA DE SOUZA        Rua Tiro ao Pombo 402 AP  133 bl 26     Brasilândia 02844060São Paulo      SP                               I06      00 000049
1020556778200016904370919641201300343000000000000000000000000000050601000000 40200000000000000000    000000501000000000010052000000000651100330437006N280420000000000000000220000000000000000000000000000000000000000000000100012878083873VICENTE NETO DE SOUZA SENA              Rua Amanacaia 122                       Jardim Vista02878-15São Paulo      SP                               I06      00 000050
1020556778200016904370919641201300343000000000000000000000000000045608000000 40200000000000000000    000000501000000000020052000000000697840330437006N280420000000000000000230000000000000000000000000000000000000000000000100037496333808RAFAELA ANDRE SILVA                     Avenida Parada Pinto 207 apto 306       Vila Nova Ca02611003São Paulo      SP                               I06      00 000051
9000052000000274355700000000000000000000000000000000000000000000000000000000000000000000000000000000000000000000000000000000000000000000000000000000000000000000000000000000000000000000000000000000000000000000000000000000000000000000000000000000000000000000000000000000000000000000000000000000000000000000000000000000000000000000000000000000000000000000000000000000000000000000000000000000000000000052
