01REMESSA01COBRANCA       04370919641201300343ESCOLA FUTUROS GENIOS.        033SANTANDER      0608200000000000000000                                                                                                                                                                                                                                                                                   000000001
1020556778200016904370919641201300343000000000000000000000000000004561000000 40200000000000000000    000000501000692059410082000000000447130330437006N290720000000000000000150000000000000000000000000000000000000000000000100033535891809INGRED DE PAIVA MAGALHÃES               Rua Luiz Faccini 213 CS 03              Vila Teresin02853040São Paulo      SP                               I06      00 000002
9000003000000004471300000000000000000000000000000000000000000000000000000000000000000000000000000000000000000000000000000000000000000000000000000000000000000000000000000000000000000000000000000000000000000000000000000000000000000000000000000000000000000000000000000000000000000000000000000000000000000000000000000000000000000000000000000000000000000000000000000000000000000000000000000000000000000003
