01REMESSA01COBRANCA       04370919641201300343ESCOLA FUTUROS GENIOS.        033SANTANDER      0707200000000000000000                                                                                                                                                                                                                                                                                   000000001
1020556778200016904370919641201300343000000000000000000000000000004103000000 40200000000000000000    000000501005082025510072000000000536200330437006N070720000000000000000180000000000000000000000000000000000000000000000100012878083873VICENTE NETO DE SOUZA SENA              Rua Amanacaia 122                       Jardim Vista02878150São Paulo      SP                               I06      00 000002
1020556778200016904370919641201300343000000000000000000000000000004103000000 40200000000000000000    000000501005082025510072000000000536200330437006N070720000000000000000180000000000000000000000000000000000000000000000100012878083873VICENTE NETO DE SOUZA SENA              Rua Amanacaia 122                       Jardim Vista02878150São Paulo      SP                               I06      00 000003
9000004000000001072400000000000000000000000000000000000000000000000000000000000000000000000000000000000000000000000000000000000000000000000000000000000000000000000000000000000000000000000000000000000000000000000000000000000000000000000000000000000000000000000000000000000000000000000000000000000000000000000000000000000000000000000000000000000000000000000000000000000000000000000000000000000000000004
