01REMESSA01COBRANCA       04370919641201300343ESCOLA FUTUROS GENIOS.        033SANTANDER      2102200000000000000000                                                                                                                                                                                                                                                                                      000001
1020556778200016904370919641201300343000000000000000000000000000058408000000 00000000000000000000    000000501000000000020200301000000005830000000043701N210220200000000000000000000000000000000000000000000000000000000000000001000038590646300000000000Alcizio Guedes Masculino Silva0000000000000000000000000000000000000000Jardim Maria Estela0417600000000000São PauloSPAlcizio Guedes Masculino SilvaI06000002
91     583                                                                                                                                                                                                                                                                                                                                                                                                000003
