01REMESSA01COBRANCA       04370919641201300343ESCOLA FUTUROS GENIOS.        033SANTANDER      2102200000000000000000                                                                                                                                                                                                                                                                                      000001
1020556778200016904370919641201300343000000000000000000000000000057401000000 00000000000000000000    000000501000000000020200315000000005250000000043701N210220200000000000000000000000000000000000000000000000000000000000000001000038590646300000000000Alcizio Guedes Masculino Silva0000000000000000000000000000000000000000Jardim Maria Estela0417600000000000São PauloSPAlcizio Guedes Masculino SilvaI06000002
1020556778200016904370919641201300343000000000000000000000000000057509000000 00000000000000000000    000000501000000000020200415000000005250000000043701N210220200000000000000000000000000000000000000000000000000000000000000001000038590646300000000000Alcizio Guedes Masculino Silva0000000000000000000000000000000000000000Jardim Maria Estela0417600000000000São PauloSPAlcizio Guedes Masculino SilvaI06000003
1020556778200016904370919641201300343000000000000000000000000000057606000000 00000000000000000000    000000501000000000020200515000000005250000000043701N210220200000000000000000000000000000000000000000000000000000000000000001000038590646300000000000Alcizio Guedes Masculino Silva0000000000000000000000000000000000000000Jardim Maria Estela0417600000000000São PauloSPAlcizio Guedes Masculino SilvaI06000004
1020556778200016904370919641201300343000000000000000000000000000057703000000 00000000000000000000    000000501000000000020200615000000005250000000043701N210220200000000000000000000000000000000000000000000000000000000000000001000038590646300000000000Alcizio Guedes Masculino Silva0000000000000000000000000000000000000000Jardim Maria Estela0417600000000000São PauloSPAlcizio Guedes Masculino SilvaI06000005
1020556778200016904370919641201300343000000000000000000000000000057800000000 00000000000000000000    000000501000000000020200715000000005250000000043701N210220200000000000000000000000000000000000000000000000000000000000000001000038590646300000000000Alcizio Guedes Masculino Silva0000000000000000000000000000000000000000Jardim Maria Estela0417600000000000São PauloSPAlcizio Guedes Masculino SilvaI06000006
1020556778200016904370919641201300343000000000000000000000000000057908000000 00000000000000000000    000000501000000000020200815000000005250000000043701N210220200000000000000000000000000000000000000000000000000000000000000001000038590646300000000000Alcizio Guedes Masculino Silva0000000000000000000000000000000000000000Jardim Maria Estela0417600000000000São PauloSPAlcizio Guedes Masculino SilvaI06000007
1020556778200016904370919641201300343000000000000000000000000000571008000000 00000000000000000000    000000501000000000020200915000000005250000000043701N210220200000000000000000000000000000000000000000000000000000000000000001000038590646300000000000Alcizio Guedes Masculino Silva0000000000000000000000000000000000000000Jardim Maria Estela0417600000000000São PauloSPAlcizio Guedes Masculino SilvaI06000008
1020556778200016904370919641201300343000000000000000000000000000571105000000 00000000000000000000    000000501000000000020201015000000005250000000043701N210220200000000000000000000000000000000000000000000000000000000000000001000038590646300000000000Alcizio Guedes Masculino Silva0000000000000000000000000000000000000000Jardim Maria Estela0417600000000000São PauloSPAlcizio Guedes Masculino SilvaI06000009
1020556778200016904370919641201300343000000000000000000000000000571202000000 00000000000000000000    000000501000000000020201115000000005250000000043701N210220200000000000000000000000000000000000000000000000000000000000000001000038590646300000000000Alcizio Guedes Masculino Silva0000000000000000000000000000000000000000Jardim Maria Estela0417600000000000São PauloSPAlcizio Guedes Masculino SilvaI06000010
99     4725                                                                                                                                                                                                                                                                                                                                                                                               000011
