01REMESSA01COBRANCA       04370919641201300343ESCOLA FUTUROS GENIOS.        033SANTANDER      0903200000000000000000                                                                                                                                                                                                                                                                                      000001
10255677820001690437919641213003430000000000000000000000000058505000000 00000000000000000000    000000501000000000001042058300000000000330437006N0803200000000000000000000000000000000000000000000000000000000000010000385906463000000000000000000Alcizio Guedes da Silva0000000000000000000000000000000000000000Jardim Maria Estela4176000000000000São PauloSP                               I06      00 000002
93     583          00000000000000000000000000000000000000000000000000000000000000000000000000000000000000000000000000000000000000000000000000000000000000000000000000000000000000000000000000000000000000000000000000000000000000000000000000000000000000000000000000000000000000000000000000000000000000000000000000000000000000000000000000000000000000000000000000000000000000000000000000000000000000000003
