01REMESSA01COBRANCA       04370919641201300343ESCOLA FUTUROS GENIOS.        033SANTANDER      1604200000000000000000                                                                                                                                                                                                                                                                                   000000001
1020556778200016904370919641201300343000000000000000000000000000009504000000 40200000000000000000    000000501000000000025042000000000368860330437006N270320000000000000000120000000000000000000000000000000000000000000000100046705460822JOSÉ SEBASTIÃO CARDOSO ARAÚJO           Rua Antônio Monteiro Dentinho 21        Vila Pentead02844-16São Paulo      SP                               I06      00 000002
1020556778200016904370919641201300343000000000000000000000000000018503000000 40200000000000000000    000000501000000000025042000000000398760330437006N270320000000000000000130000000000000000000000000000000000000000000000100043218514835ALINE SANTANA DE TOLEDO                 Travessa Adão Pereira da Silva 51       Jardim Alman02863140São Paulo      SP                               I06      00 000003
1020556778200016904370919641201300343000000000000000000000000000021504000000 40200000000000000000    000000501000000000020042000000000348950330437006N270320000000000000000120000000000000000000000000000000000000000000000100029580105898MARIA IVANILCE OLIVEIRA                 Rua Elza Guimarães 283 AP 511 BL 03     Vila Amália 02618010São Paulo      SP                               I06      00 000004
1020556778200016904370919641201300343000000000000000000000000000037508000000 40200000000000000000    000000501000000000020042000000000686880330437006N270320000000000000000230000000000000000000000000000000000000000000000100029253960892FERNANDA RODRIGUES ALVES CARDOSO        Rua Doutor Francisco Eugênio do Amaral  Jardim Peri 02672120São Paulo      SP                               I06      00 000005
1020556778200016904370919641201300343000000000000000000000000000038504000000 40200000000000000000    000000501000000000020042000000000580320330437006N270320000000000000000190000000000000000000000000000000000000000000000100027912412808RODRIGO COSME BRUNIALTI                 Rua Nogueira 157 NÃO                    Vila Pentead02864060São Paulo      SP                               I06      00 000006
1020556778200016904370919641201300343000000000000000000000000000039500000000 40200000000000000000    000000501000000000020042000000000495300330437006N270320000000000000000160000000000000000000000000000000000000000000000100007535471633ANDREZA DE PAULA JESUS                  Rua José Pedreschi 123 NÃO              Vila Francos02881000São Paulo      SP                               I06      00 000007
1020556778200016904370919641201300343000000000000000000000000000043508000000 40200000000000000000    000000501000000000025042000000000350000330437006N270320000000000000000120000000000000000000000000000000000000000000000100006050912505RENATA SOUZA CORREIA                    Rua do Farol 359                        Vila Itabera02847-07São Paulo      SP                               I06      00 000008
1020556778200016904370919641201300343000000000000000000000000000001503000000 40200000000000000000    000000501000000000020042000000000500000330437006N270320000000000000000170000000000000000000000000000000000000000000000100049433037812MAYARA PEREIRA DE SOUZA                 Rua Paramirim 1634 M                    Brasilândia 02848000São Paulo      SP                               I06      00 000009
1020556778200016904370919641201300343000000000000000000000000000049506000000 40200000000000000000    000000501000000000020042000000000766000330437006N270320000000000000000260000000000000000000000000000000000000000000000100001297494512MARIA APARECIDA CARVALHO LIMA           Rua Firminópolis 1204 CASA 1            Jardim Vista02878000São Paulo      SP                               I06      00 000010
1020556778200016904370919641201300343000000000000000000000000000061506000000 40200000000000000000    000000501000000000030042000000000400000330437006N270320000000000000000130000000000000000000000000000000000000000000000100042481726820JONATHAN BADARÓ BARBOSA DE SOUZA        Rua Tiro ao Pombo 402 AP  133 bl 26     Brasilândia 02844060São Paulo      SP                               I06      00 000011
1020556778200016904370919641201300343000000000000000000000000000045500000000 40200000000000000000    000000501000000000020042000000000697840330437006N270320000000000000000230000000000000000000000000000000000000000000000100037496333808RAFAELA ANDRE SILVA                     Avenida Parada Pinto 207 apto 306       Vila Nova Ca02611003São Paulo      SP                               I06      00 000012
9000013000000055929100000000000000000000000000000000000000000000000000000000000000000000000000000000000000000000000000000000000000000000000000000000000000000000000000000000000000000000000000000000000000000000000000000000000000000000000000000000000000000000000000000000000000000000000000000000000000000000000000000000000000000000000000000000000000000000000000000000000000000000000000000000000000000013
