01REMESSA01COBRANCA       04370919641201300343ESCOLA FUTUROS GENIOS.        033SANTANDER      1303200000000000000000                                                                                                                                                                                                                                                                                      000001
1020556778200016904370919641201300343000000000000000000000000000058602000000 01000000000000000000    00000050100000000000105202500000000000330437006N1303200000000000000000000000000000000000000000000000000000000000000000103859064630000Alcizio Guedes da Silva                 Rua Francisco Pestana 23                Jardim Maria04176000São Paulo      SP                               I06      00 000002
93     2.5          00000000000000000000000000000000000000000000000000000000000000000000000000000000000000000000000000000000000000000000000000000000000000000000000000000000000000000000000000000000000000000000000000000000000000000000000000000000000000000000000000000000000000000000000000000000000000000000000000000000000000000000000000000000000000000000000000000000000000000000000000000000000000000003
