01REMESSA01COBRANCA       04370919641201300343ESCOLA FUTUROS GENIOS.        033SANTANDER      2703200000000000000000                                                                                                                                                                                                                                                                                   000000001
1020556778200016904370919641201300343000000000000000000000000000002500000000 40200000000000000000    000000501000000000001042000000000518400330437006N270320000000000000000170000000000000000000000000000000000000000000000135474237839000DIEGO GOMES RIBEIRO                    Rua Jacaré-Copaíba 119 NÃO              Vila Marina 29651170São Paulo      SP                               I06       00 000002
1020556778200016904370919641201300343000000000000000000000000000007501000000 40200000000000000000    000000501000000000001042000000000420000330437006N270320000000000000000140000000000000000000000000000000000000000000000108740846873000MARTA APARECIDA VENTURA PEREIRA DA SILVRua Mário de Sá Carneiro 301 CASA 04    Jardim Cente28821140São Paulo      SP                               I06       00 000003
1020556778200016904370919641201300343000000000000000000000000000008508000000 40200000000000000000    000000501000000000001042000000000420000330437006N270320000000000000000140000000000000000000000000000000000000000000000108740846873000MARTA APARECIDA VENTURA PEREIRA DA SILVRua Mário de Sá Carneiro 301 CASA 04    Jardim Cente28821140São Paulo      SP                               I06       00 000004
1020556778200016904370919641201300343000000000000000000000000000009504000000 40200000000000000000    000000501000000000025042000000000368860330437006N270320000000000000000120000000000000000000000000000000000000000000000146705460822000JOSÉ SEBASTIÃO CARDOSO ARAÚJO          Rua Guaiçará 9                          Vila Pentead28670070São Paulo      SP                               I06       00 000005
1020556778200016904370919641201300343000000000000000000000000000010502000000 40200000000000000000    000000501000000000001042000000000700000330437006N270320000000000000000230000000000000000000000000000000000000000000000138682889889000SABRINA SOUZA DE ANDRADE               Travessa Amadeu Cusco 46                Parque Belém28500075São Paulo      SP                               I06       00 000006
1020556778200016904370919641201300343000000000000000000000000000011509000000 40200000000000000000    000000501000000000010042000000000498460330437006N270320000000000000000170000000000000000000000000000000000000000000000146036671830000KAMILA PATRÍCIA SILVA BERING           Rua Jorge Mamede da Silva 37 CASA 2     Vila Souza  28600050São Paulo      SP                               I06       00 000007
1020556778200016904370919641201300343000000000000000000000000000012505000000 40200000000000000000    000000501000000000007042000000000717800330437006N270320000000000000000240000000000000000000000000000000000000000000000137050401897000MARCIA APARECIDA DE CAMPOS OLIVEIRA    Rua Antônio Augusto de Barros 446 CASA 2Brasilândia 28631100São Paulo      SP                               I06       00 000008
1020556778200016904370919641201300343000000000000000000000000000003506000000 40200000000000000000    000000501000000000010042000000000628060330437006N270320000000000000000210000000000000000000000000000000000000000000000141170891881000ANA JULIA PEREIRA LEFORTE              Avenida Elísio Teixeira Leite 960 M     Vila Brasilâ02801801São Paulo      SP                               I06       00 000009
1020556778200016904370919641201300343000000000000000000000000000004502000000 40200000000000000000    000000501000000000001042000000000700000330437006N270320000000000000000230000000000000000000000000000000000000000000000137677710808000SABRINA CRISTINA VERONA MAZARO         Rua Brasil 41 F                         Parque Taipa29871180São Paulo      SP                               I06       00 000010
1020556778200016904370919641201300343000000000000000000000000000005509000000 40200000000000000000    000000501000000000001042000000000697850330437006N270320000000000000000230000000000000000000000000000000000000000000000134393162897000VICENTE DA CONSOLAÇÃO PIRES JUNIOR     Avenida Deputado Cantídio Sampaio 4822 FVila Souza  28600001São Paulo      SP                               I06       00 000011
1020556778200016904370919641201300343000000000000000000000000000014508000000 40200000000000000000    000000501000000000001042000000000763040330437006N270320000000000000000250000000000000000000000000000000000000000000000115969583758000CHARLES GONÇALVES SOS SANTOS           0                                                   00000000                                                I06       00 000012
1020556778200016904370919641201300343000000000000000000000000000015504000000 40200000000000000000    000000501000000000007042000000000525400330437006N270320000000000000000170000000000000000000000000000000000000000000000101322873402000ADNA KELLY FERREIRA LEITE              Rua Nicolau Tolenti 61 BLOCO 01 APTO 104Vila Dionisi26710020São Paulo      SP                               I06       00 000013
1020556778200016904370919641201300343000000000000000000000000000017507000000 40200000000000000000    000000501000000000010042000000000398760330437006N270320000000000000000130000000000000000000000000000000000000000000000144432945893000BIANCA MOREIRA ARAÚJO                  Rua Guaiçará 9                          Vila Pentead28670070São Paulo      SP                               I06       00 000014
1020556778200016904370919641201300343000000000000000000000000000018503000000 40200000000000000000    000000501000000000025042000000000398760330437006N270320000000000000000130000000000000000000000000000000000000000000000143218514835000ALINE SANTANA DE TOLEDO                Travessa Adão Pereira da Silva 51       Jardim Alman28631140São Paulo      SP                               I06       00 000015
1020556778200016904370919641201300343000000000000000000000000000019500000000 40200000000000000000    000000501000000000010042000000000640000330437006N270320000000000000000210000000000000000000000000000000000000000000000132552589871000CRISTIANE URA DE MORAES                Rua Alberto Capellani 97                Parque Belém28500007São Paulo      SP                               I06       00 000016
1020556778200016904370919641201300343000000000000000000000000000021504000000 40200000000000000000    000000501000000000020042000000000348950330437006N270320000000000000000120000000000000000000000000000000000000000000000129580105898000MARIA IVANILCE OLIVEIRA                Rua Elza Guimarães 283 AP 511 BL 03     Vila Amália 02618618São Paulo      SP                               I06       00 000017
1020556778200016904370919641201300343000000000000000000000000000022500000000 40200000000000000000    000000501000000000015042000000000525370330437006N270320000000000000000170000000000000000000000000000000000000000000000145353053826000WANESSA FERNANDA SILVA DE SOUZA        Rua do Arcadismo 137 NÃO                Vila Pentead28661130São Paulo      SP                               I06       00 000018
1020556778200016904370919641201300343000000000000000000000000000023507000000 40200000000000000000    000000501000000000010042000000000699840330437006N270320000000000000000230000000000000000000000000000000000000000000000137496333808000RAFAELA ANDRE SILVA                    Avenida Parada Pinto 207 apto 306       Vila Nova Ca26110003São Paulo      SP                               I06       00 000019
1020556778200016904370919641201300343000000000000000000000000000024503000000 40200000000000000000    000000501000000000007042000000000525370330437006N270320000000000000000170000000000000000000000000000000000000000000000136568420867000EMILI BATISTA DA SILVA                 Avenida Deputado Cantídio Sampaio 2910  Vila Souza  28600001São Paulo      SP                               I06       00 000020
1020556778200016904370919641201300343000000000000000000000000000025500000000 40200000000000000000    000000501000000000010042000000000763650330437006N270320000000000000000250000000000000000000000000000000000000000000000136649004804000MURILO BASTOS DE SOUZA                 Rua Ribeirinhos 76 NÃO                  Vila Rica   28610020São Paulo      SP                               I06       00 000021
1020556778200016904370919641201300343000000000000000000000000000026506000000 40200000000000000000    000000501000000000010042000000000650000330437006N270320000000000000000220000000000000000000000000000000000000000000000138823137810000ANA CLAUDIA DO AMARAL                  Avenida Róssio do Carmo 113 casa 2      Vila Rica   28610090São Paulo      SP                               I06       00 000022
1020556778200016904370919641201300343000000000000000000000000000027502000000 40200000000000000000    000000501000000000007042000000000753670330437006N270320000000000000000250000000000000000000000000000000000000000000000110338860762000ALFREDO VIEIRA JUNIOR                  Rua Professor José 179 apto 102 bloco 02Jardim Cente28821100São Paulo      SP                               I06       00 000023
1020556778200016904370919641201300343000000000000000000000000000028509000000 40200000000000000000    000000501000000000010042000000000670000330437006N270320000000000000000220000000000000000000000000000000000000000000000138580399858000DANIELE AMANCIO                        Rua Spencer Vampré 126 NÃO              Vila Souza  28600030São Paulo      SP                               I06       00 000024
1020556778200016904370919641201300343000000000000000000000000000029505000000 40200000000000000000    000000501000000000010042000000000388800330437006N270320000000000000000130000000000000000000000000000000000000000000000136207436814000ROGERIO ALVES DOS ANJOS                Avenida Deputado Cantídio Sampaio 2384 NVila Souza  28600001São Paulo      SP                               I06       00 000025
1020556778200016904370919641201300343000000000000000000000000000030503000000 40200000000000000000    000000501000000000010042000000000478520330437006N270320000000000000000160000000000000000000000000000000000000000000000115248324807000SALWA MAHMOUD BAKRI SOUZA              Rua do Farol 402 NÃO                    Vila Itabera28470070São Paulo      SP                               I06       00 000026
1020556778200016904370919641201300343000000000000000000000000000031500000000 40200000000000000000    000000501000000000007042000000000400000330437006N270320000000000000000130000000000000000000000000000000000000000000000148382719805000MIRELLA REGINA DA CUNHA                Rua Oscar Rosas Ribeiro 332 NÃO         Jardim Alman28630000São Paulo      SP                               I06       00 000027
1020556778200016904370919641201300343000000000000000000000000000032506000000 40200000000000000000    000000501000000000010042000000000419900330437006N270320000000000000000140000000000000000000000000000000000000000000000128600957800000FABIO JUNIOR FURTADO                   Rua Apolinário Vieira Coelho 78 CASA 2  Vila Pita   24781120São Paulo      SP                               I06       00 000028
1020556778200016904370919641201300343000000000000000000000000000033502000000 40200000000000000000    000000501000000000010042000000000274000330437006N270320000000000000000090000000000000000000000000000000000000000000000129942563806000DEYSE MURIEL DA SILVA VIEIRA           Rua Professora Nícia de Paula 48 NÃO    Vila Santa M25590080São Paulo      SP                               I06       00 000029
1020556778200016904370919641201300343000000000000000000000000000035505000000 40200000000000000000    000000501000000000010042000000000687880330437006N270320000000000000000230000000000000000000000000000000000000000000000137994567835000BRUNO EDDINE DA SILVA                  Rua Hugo Van Der Góes 227 NÃO           Vila Pentead28661100São Paulo      SP                               I06       00 000030
1020556778200016904370919641201300343000000000000000000000000000036501000000 40200000000000000000    000000501000000000007042000000000763640330437006N270320000000000000000250000000000000000000000000000000000000000000000101299456502000ALESSANDRA NERES SANTOS                Travessa Vancouver 78 caasa 03          Parque Belém28501120São Paulo      SP                               I06       00 000031
1020556778200016904370919641201300343000000000000000000000000000037508000000 40200000000000000000    000000501000000000020042000000000686880330437006N270320000000000000000230000000000000000000000000000000000000000000000129253960892000FERNANDA RODRIGUES ALVES CARDOSO       Rua Doutor Francisco Eugênio do Amaral 2Jardim Peri 26721120São Paulo      SP                               I06       00 000032
1020556778200016904370919641201300343000000000000000000000000000038504000000 40200000000000000000    000000501000000000020042000000000580320330437006N270320000000000000000190000000000000000000000000000000000000000000000127912412808000RODRIGO COSME BRUNIALTI                Rua Nogueira 157 NÃO                    Vila Pentead02864864São Paulo      SP                               I06       00 000033
1020556778200016904370919641201300343000000000000000000000000000039500000000 40200000000000000000    000000501000000000020042000000000495300330437006N270320000000000000000160000000000000000000000000000000000000000000000107535471633000ANDREZA DE PAULA JESUS                 Rua José Pedreschi 123 NÃO              Vila Francos28810000São Paulo      SP                               I06       00 000034
1020556778200016904370919641201300343000000000000000000000000000040509000000 40200000000000000000    000000501000000000010042000000000687900330437006N270320000000000000000230000000000000000000000000000000000000000000000135115045893000SABRINA SOUZA BUZELIN DE MORAES AGUIAR Rua Emílio Kemp 317 NÃO                 Vila Pentead28650000São Paulo      SP                               I06       00 000035
1020556778200016904370919641201300343000000000000000000000000000041505000000 40200000000000000000    000000501000000000015042000000000687900330437006N270320000000000000000230000000000000000000000000000000000000000000000117627264839000NORBERTO MUNIZ DE SOUZA                Rua Ipameri 370 casa 3                  Vila Pentead28640030São Paulo      SP                               I06       00 000036
1020556778200016904370919641201300343000000000000000000000000000042501000000 40200000000000000000    000000501000000000007042000000000775200330437006N270320000000000000000260000000000000000000000000000000000000000000000113000275843000ANTONIO COSTA DOS SANTOS GONÇALVES     Rua Antônio Augusto de Barros 440 NÃO   Brasilândia 28631100São Paulo      SP                               I06       00 000037
1020556778200016904370919641201300343000000000000000000000000000043508000000 40200000000000000000    000000501000000000025042000000000350000330437006N270320000000000000000120000000000000000000000000000000000000000000000106050912505000RENATA SOUZA CORREIA                   Rua Flor de Lis 1641 CASA 1             Brasilândia 02848848São Paulo      SP                               I06       00 000038
1020556778200016904370919641201300343000000000000000000000000000044504000000 40200000000000000000    000000501000000000007042000000000432000330437006N270320000000000000000140000000000000000000000000000000000000000000000119346146885000MARCIO OLIVEIRA MARQUES                Rua Joaquina Maria dos Santos 96 A      Vila Souza  02860860São Paulo      SP                               I06       00 000039
1020556778200016904370919641201300343000000000000000000000000000045500000000 40200000000000000000    000000501000000000020042000000000697840330437006N270320000000000000000230000000000000000000000000000000000000000000000117427859804000JULIO CESAR DA SILVA                   Rua Engenheiro Pereira Passos 257 NÃO   Parque Belém02850850São Paulo      SP                               I06       00 000040
1020556778200016904370919641201300343000000000000000000000000000046507000000 40200000000000000000    000000501000000000010042000000000699840330437006N270320000000000000000230000000000000000000000000000000000000000000000132693827825000DIEGO SANTOS DA SILVA                  Avenida Elísio Teixeira Leite 960 ap 28 Vila Brasilâ28010000São Paulo      SP                               I06       00 000041
1020556778200016904370919641201300343000000000000000000000000000013501000000 40200000000000000000    000000501000000000015042000000000588200330437006N270320000000000000000020000000000000000000000000000000000000000000000141228183890000GILMAR NUNES DE SOUZA                  Rua Amanacaia 12 NÃO                    Jardim Vista28781150São Paulo      SP                               I06       00 000042
1020556778200016904370919641201300343000000000000000000000000000001503000000 40200000000000000000    000000501000000000020042000000000500000330437006N270320000000000000000170000000000000000000000000000000000000000000000149433037812000MAYARA PEREIRA DE SOUZA                Rua Paramirim 1634 M                    Brasilândia 28480000São Paulo      SP                               I06       00 000043
1020556778200016904370919641201300343000000000000000000000000000047503000000 40200000000000000000    000000501000000000015042000000000630000330437006N270320000000000000000210000000000000000000000000000000000000000000000189896670544000IACIANA PEREIRA DO NASCIMENTO BEZERRA  Rua Lua de São Jorge 377                Jardim Alvin29912280São Paulo      SP                               I06       00 000044
1020556778200016904370919641201300343000000000000000000000000000048500000000 40200000000000000000    000000501000000000007042000000000527000330437006N270320000000000000000180000000000000000000000000000000000000000000000137852008895000RITA DO NASCIMENTO IMAI                Avenida Parada Pinto 737 apto 11 bloco DVila Nova Ca26110003São Paulo      SP                               I06       00 000045
1020556778200016904370919641201300343000000000000000000000000000049506000000 40200000000000000000    000000501000000000020042000000000766000330437006N270320000000000000000260000000000000000000000000000000000000000000000101297494512000MARIA APARECIDA CARVALHO LIMA          Rua Firminópolis 1204 CASA 1            Jardim Vista28780000São Paulo      SP                               I06       00 000046
1020556778200016904370919641201300343000000000000000000000000000050504000000 40200000000000000000    000000501000000000010042000000000766000330437006N270320000000000000000260000000000000000000000000000000000000000000000144960005807000Karina da Cunha Sena                   Rua Amanacaia 122                       Jardim Vista28781150São Paulo      SP                               I06       00 000047
1020556778200016904370919641201300343000000000000000000000000000051500000000 40200000000000000000    000000501000000000010042000000000620000330437006N270320000000000000000210000000000000000000000000000000000000000000000115096251861000Simone Alves dos Santos                Rua Doutor Gordiano Gaudêncio Rossi 300 Vila Pentead28641100São Paulo      SP                               I06       00 000048
1020556778200016904370919641201300343000000000000000000000000000053503000000 40200000000000000000    000000501000000000006042000000000690000330437006N270320000000000000000230000000000000000000000000000000000000000000000130638571812000Tatiane Alessandra da Silva            Rua Conselheiro Moreira de Barros 3600 aLauzane Paul24300002São Paulo      SP                               I06       00 000049
1020556778200016904370919641201300343000000000000000000000000000054500000000 40200000000000000000    000000501000000000007042000000000430000330437006N270320000000000000000140000000000000000000000000000000000000000000000136429746860000DANILLO CALLANA SANÇÃO                 Rua Ari Carneiro Fernandes 74 NÃO       Jardim dos F28740000São Paulo      SP                               I06       00 000050
1020556778200016904370919641201300343000000000000000000000000000055506000000 40200000000000000000    000000501000000000015042000000000630000330437006N270320000000000000000210000000000000000000000000000000000000000000000115302493845000VALDIR CARAPINA                        Rua Augusto Gil 270 FUNDOS              Vila Dionisi26700070São Paulo      SP                               I06       00 000051
1020556778200016904370919641201300343000000000000000000000000000056502000000 40200000000000000000    000000501000000000007042000000000430000330437006N270320000000000000000140000000000000000000000000000000000000000000000129003980888000ALESSANDRA HAGER VARRICHIO             Rua Waldomiro Ragonha 61                Vila Brasilâ28201100São Paulo      SP                               I06       00 000052
1020556778200016904370919641201300343000000000000000000000000000057509000000 40200000000000000000    000000501000000000015042000000000525000330437006N270320000000000000000170000000000000000000000000000000000000000000000103859064630000Alcizio Guedes da Silva                Rua Francisco Pestana 23                Jardim Maria04176000São Paulo      SP                               I06       00 000053
1020556778200016904370919641201300343000000000000000000000000000058505000000 40200000000000000000    000000501000000000001042000000000583000330437006N270320000000000000000190000000000000000000000000000000000000000000000103859064630000Alcizio Guedes da Silva                Rua Francisco Pestana 23                Jardim Maria04176000São Paulo      SP                               I06       00 000054
1020556778200016904370919641201300343000000000000000000000000000060500000000 40200000000000000000    000000501000000000010042000000000300000330437006N270320000000000000000010000000000000000000000000000000000000000000000137573129882000ROBSON OLIVEIRA DA SILVA               Rua Eduardo Costa 174                   Jardim Damas28791110São Paulo      SP                               I06       00 000055
1020556778200016904370919641201300343000000000000000000000000000061506000000 40200000000000000000    000000501000000000030042000000000400000330437006N270320000000000000000130000000000000000000000000000000000000000000000142481726820000JONATHAN BADARÓ BARBOSA DE SOUZA       Rua Tiro ao Pombo 402 AP  133 bl 26     Brasilândia 28440060São Paulo      SP                               I06       00 000056
9000057000000312233600000000000000000000000000000000000000000000000000000000000000000000000000000000000000000000000000000000000000000000000000000000000000000000000000000000000000000000000000000000000000000000000000000000000000000000000000000000000000000000000000000000000000000000000000000000000000000000000000000000000000000000000000000000000000000000000000000000000000000000000000000000000000000057