01REMESSA01COBRANCA       04370919641201300343ESCOLA FUTUROS GENIOS.        033SANTANDER      1703200000000000000000                                                                                                                                                                                                                                                                                   000000001
1020556778200016904370919641201300343000000000000000000000000000058602000000 40200000000000000000    000000501000000000001052000000000000250330437006N1303200000000000000000000000000000000000000000000000000000000000000000103859064630000Alcizio Guedes da Silva                Rua Francisco Pestana 23                Jardim Maria04176000São Paulo      SP                               I06      00 000002
9000003000000000002500000000000000000000000000000000000000000000000000000000000000000000000000000000000000000000000000000000000000000000000000000000000000000000000000000000000000000000000000000000000000000000000000000000000000000000000000000000000000000000000000000000000000000000000000000000000000000000000000000000000000000000000000000000000000000000000000000000000000000000000000000000000000000003
