01REMESSA01COBRANCA       04370919641201300343ESCOLA FUTUROS GENIOS.        033SANTANDER      0603200000000000000000                                                                                                                                                                                                                                                                                      000001
1020556778200016904370919641201300343000000000000000000000000000058408000000 00000000000000000000    000000501000000000001032058300000000000330437006N210320000000000000000000000000000000000000000000000000000000000001000038590646300000000000Alcizio Guedes Masculino Silva0000000000000000000000000000000000000000Jardim Maria Estela4176000000000000São PauloSP                               I06      00 000002
93     583          00000000000000000000000000000000000000000000000000000000000000000000000000000000000000000000000000000000000000000000000000000000000000000000000000000000000000000000000000000000000000000000000000000000000000000000000000000000000000000000000000000000000000000000000000000000000000000000000000000000000000000000000000000000000000000000000000000000000000000000000000000000000000000003
