01REMESSA01COBRANCA       04370919641201300343ESCOLA FUTUROS GENIOS.        033SANTANDER      1304200000000000000000                                                                                                                                                                                                                                                                                   000000001
1020556778200016904370919641201300343000000000000000000000000000002500000000 40200000000000000000    000000501000000000001042000000000518400330437006N2703200000000000000001700000000000000000000000000000000000000000000000100035474237839DIEGO GOMES RIBEIRO                    Rua Jacaré-Copaíba 119 NÃO                   Vila Marina 02965170São Paulo      SP                               I06      00 000002
1020556778200016904370919641201300343000000000000000000000000000007501000000 40200000000000000000    000000501000000000001042000000000420000330437006N2703200000000000000001400000000000000000000000000000000000000000000000100008740846873MARTA APARECIDA VENTURA PEREIRA DA     Rua Mário de Sá Carneiro 301 CASA 04        Jardim Cente02882140São Paulo      SP                               I06      00 000003
1020556778200016904370919641201300343000000000000000000000000000008508000000 40200000000000000000    000000501000000000001042000000000420000330437006N2703200000000000000001400000000000000000000000000000000000000000000000100008740846873MARTA APARECIDA VENTURA PEREIRA DA     Rua Mário de Sá Carneiro 301 CASA 04        Jardim Cente02882140São Paulo      SP                               I06      00 000004
1020556778200016904370919641201300343000000000000000000000000000009504000000 40200000000000000000    000000501000000000025042000000000368860330437006N2703200000000000000001200000000000000000000000000000000000000000000000100046705460822JOSÉ SEBASTIÃO CARDOSO ARAÚJO             Rua Antônio Monteiro Dentinho 21           Vila Pentead02844-16São Paulo      SP                               I06      00 000005
1020556778200016904370919641201300343000000000000000000000000000010502000000 40200000000000000000    000000501000000000001042000000000700000330437006N2703200000000000000002300000000000000000000000000000000000000000000000100038682889889SABRINA SOUZA DE ANDRADE               Travessa Amadeu Cusco 46                Parque Belém 02850075São Paulo      SP                               I06      00 000006
1020556778200016904370919641201300343000000000000000000000000000011509000000 40200000000000000000    000000501000000000010042000000000498460330437006N2703200000000000000001700000000000000000000000000000000000000000000000100046036671830KAMILA PATRÍCIA SILVA BERING            Rua Jorge Mamede da Silva 37 CASA 2     Vila Souza  02860050São Paulo      SP                               I06      00 000007
1020556778200016904370919641201300343000000000000000000000000000012505000000 40200000000000000000    000000501000000000007042000000000717800330437006N2703200000000000000002400000000000000000000000000000000000000000000000100037050401897MARCIA APARECIDA DE CAMPOS OLIVEIRA    Rua Antônio Augusto de Barros 466 CASA     Brasilândia   02863100São Paulo      SP                               I06      00 000008
1020556778200016904370919641201300343000000000000000000000000000003506000000 40200000000000000000    000000501000000000010042000000000628060330437006N2703200000000000000002100000000000000000000000000000000000000000000000100041170891888ANA JULIA PEREIRA LEFORTE              Avenida Elísio Teixeira Leite 960 AP 28   Vila Brasilâ02801000São Paulo      SP                               I06      00 000009
1020556778200016904370919641201300343000000000000000000000000000004502000000 40200000000000000000    000000501000000000001042000000000700000330437006N2703200000000000000002300000000000000000000000000000000000000000000000100037677710808SABRINA CRISTINA VERONA MAZARO         Rua Brasil 41 F                         Parque Taipa02987180São Paulo      SP                               I06      00 000010
1020556778200016904370919641201300343000000000000000000000000000005509000000 40200000000000000000    000000501000000000001042000000000697850330437006N2703200000000000000002300000000000000000000000000000000000000000000000100034393162897VICENTE DA CONSOLAÇÃO PIRES JUNIOR      Avenida Deputado Cantídio Sampaio 4822    Vila Souza  02860001São Paulo      SP                               I06      00 000011
1020556778200016904370919641201300343000000000000000000000000000014508000000 40200000000000000000    000000501000000000001042000000000763040330437006N2703200000000000000002500000000000000000000000000000000000000000000000100015969583758CHARLES GONÇALVES SOS SANTOS             0                                                  00000000                                              I06      00 000012
1020556778200016904370919641201300343000000000000000000000000000015504000000 40200000000000000000    000000501000000000007042000000000525400330437006N2703200000000000000001700000000000000000000000000000000000000000000000100001322873402ADNA KELLY FERREIRA LEITE              Rua Nicolau Tolentino de Almeida 61 BLO Vila Dionisi02671020São Paulo      SP                               I06      00 000013
1020556778200016904370919641201300343000000000000000000000000000017507000000 40200000000000000000    000000501000000000010042000000000398760330437006N2703200000000000000001300000000000000000000000000000000000000000000000100044432945893BIANCA MOREIRA ARAÚJO                   Rua Antônio Monteiro Dentinho 21           Vila Pentead02844-16São Paulo      SP                               I06      00 000014
1020556778200016904370919641201300343000000000000000000000000000018503000000 40200000000000000000    000000501000000000025042000000000398760330437006N2703200000000000000001300000000000000000000000000000000000000000000000100043218514835ALINE SANTANA DE TOLEDO                Travessa Adão Pereira da Silva 51         Jardim Alman02863140São Paulo      SP                               I06      00 000015
1020556778200016904370919641201300343000000000000000000000000000019500000000 40200000000000000000    000000501000000000010042000000000640000330437006N2703200000000000000002100000000000000000000000000000000000000000000000100032552589871CRISTIANE URA DE MORAES                Rua Alberto Capellani 97                Parque Belém 02850007São Paulo      SP                               I06      00 000016
1020556778200016904370919641201300343000000000000000000000000000021504000000 40200000000000000000    000000501000000000020042000000000348950330437006N2703200000000000000001200000000000000000000000000000000000000000000000100029580105898MARIA IVANILCE OLIVEIRA                Rua Elza Guimarães 283 AP 511 BL 03       Vila Amália   02618010São Paulo      SP                               I06      00 000017
1020556778200016904370919641201300343000000000000000000000000000022500000000 40200000000000000000    000000501000000000015042000000000525370330437006N2703200000000000000001700000000000000000000000000000000000000000000000100045353053826WANESSA FERNANDA SILVA DE SOUZA        Rua do Arcadismo 137 NÃO                 Vila Pentead02866130São Paulo      SP                               I06      00 000018
1020556778200016904370919641201300343000000000000000000000000000023507000000 40200000000000000000    000000501000000000010042000000000699840330437006N2703200000000000000002300000000000000000000000000000000000000000000000100037496333808RAFAELA ANDRE SILVA                    Avenida Parada Pinto 207 apto 306       Vila Nova Ca02611003São Paulo      SP                               I06      00 000019
1020556778200016904370919641201300343000000000000000000000000000024503000000 40200000000000000000    000000501000000000007042000000000525370330437006N2703200000000000000001700000000000000000000000000000000000000000000000100036568420867EMILI BATISTA DA SILVA                 Avenida Deputado Cantídio Sampaio 2910    Vila Souza  02860001São Paulo      SP                               I06      00 000020
1020556778200016904370919641201300343000000000000000000000000000025500000000 40200000000000000000    000000501000000000010042000000000763650330437006N2703200000000000000002500000000000000000000000000000000000000000000000100036649004804MURILO BASTOS DE SOUZA                 Rua Ribeirinhos 76 NÃO                   Vila Rica   02861020São Paulo      SP                               I06      00 000021
1020556778200016904370919641201300343000000000000000000000000000026506000000 40200000000000000000    000000501000000000010042000000000650000330437006N2703200000000000000002200000000000000000000000000000000000000000000000100038823137810ANA CLAUDIA DO AMARAL                  Avenida Róssio do Carmo 113 casa 2         Vila Rica   02861090São Paulo      SP                               I06      00 000022
1020556778200016904370919641201300343000000000000000000000000000027502000000 40200000000000000000    000000501000000000007042000000000753670330437006N2703200000000000000002500000000000000000000000000000000000000000000000100010338860762ALFREDO VIEIRA JUNIOR                  Rua Professor José Soares de Mello 179    Jardim Cente02882100São Paulo      SP                               I06      00 000023
1020556778200016904370919641201300343000000000000000000000000000028509000000 40200000000000000000    000000501000000000010042000000000670000330437006N2703200000000000000002200000000000000000000000000000000000000000000000100038580399858DANIELE AMANCIO                        Rua Spencer Vampré 126 NÃO                 Vila Souza  02860030São Paulo      SP                               I06      00 000024
1020556778200016904370919641201300343000000000000000000000000000029505000000 40200000000000000000    000000501000000000010042000000000388800330437006N2703200000000000000001300000000000000000000000000000000000000000000000100036207436814ROGERIO ALVES DOS ANJOS                Avenida Deputado Cantídio Sampaio 2384    Vila Souza  02860001São Paulo      SP                               I06      00 000025
1020556778200016904370919641201300343000000000000000000000000000030503000000 40200000000000000000    000000501000000000010042000000000478520330437006N2703200000000000000001600000000000000000000000000000000000000000000000100015248324807SALWA MAHMOUD BAKRI SOUZA              Rua Benigno 128 NÃO                      Vila Maria L02754-04São Paulo      SP                               I06      00 000026
1020556778200016904370919641201300343000000000000000000000000000031500000000 40200000000000000000    000000501000000000007042000000000400000330437006N2703200000000000000001300000000000000000000000000000000000000000000000100048382719805MIRELLA REGINA DA CUNHA                Rua Oscar Rosas Ribeiro 332 NÃO          Jardim Alman02863000São Paulo      SP                               I06      00 000027
1020556778200016904370919641201300343000000000000000000000000000032506000000 40200000000000000000    000000501000000000010042000000000419900330437006N2703200000000000000001400000000000000000000000000000000000000000000000100028600957800FABIO JUNIOR FURTADO                   Rua Apolinário Vieira Coelho 78 CASA 2    Vila Pita   02478120São Paulo      SP                               I06      00 000028
1020556778200016904370919641201300343000000000000000000000000000033502000000 40200000000000000000    000000501000000000010042000000000274000330437006N2703200000000000000000900000000000000000000000000000000000000000000000100029942563806DEYSE MURIEL DA SILVA VIEIRA           AV APARECIDA DO RIO NEGRO 553 AP 1001 T JARDIM IRIS 02675031São Paulo      SP                               I06      00 000029
1020556778200016904370919641201300343000000000000000000000000000035505000000 40200000000000000000    000000501000000000010042000000000687880330437006N2703200000000000000002300000000000000000000000000000000000000000000000100037994567835BRUNO EDDINE DA SILVA                  Rua Hugo Van Der Góes 227 NÃO               Vila Pentead02866100São Paulo      SP                               I06      00 000030
1020556778200016904370919641201300343000000000000000000000000000036501000000 40200000000000000000    000000501000000000007042000000000763640330437006N2703200000000000000002500000000000000000000000000000000000000000000000100001299456502ALESSANDRA NERES SANTOS                Travessa Vancouver 78 caasa 03          Parque Belém 02850120São Paulo      SP                               I06      00 000031
1020556778200016904370919641201300343000000000000000000000000000037508000000 40200000000000000000    000000501000000000020042000000000686880330437006N2703200000000000000002300000000000000000000000000000000000000000000000100029253960892FERNANDA RODRIGUES ALVES CARDOSO       Rua Doutor Francisco Eugênio do Amaral    Jardim Peri 02672120São Paulo      SP                               I06      00 000032
1020556778200016904370919641201300343000000000000000000000000000038504000000 40200000000000000000    000000501000000000020042000000000580320330437006N2703200000000000000001900000000000000000000000000000000000000000000000100027912412808RODRIGO COSME BRUNIALTI                Rua Nogueira 157 NÃO                     Vila Pentead02864060São Paulo      SP                               I06      00 000033
1020556778200016904370919641201300343000000000000000000000000000039500000000 40200000000000000000    000000501000000000020042000000000495300330437006N2703200000000000000001600000000000000000000000000000000000000000000000100007535471633ANDREZA DE PAULA JESUS                 Rua José Pedreschi 123 NÃO                 Vila Francos02881000São Paulo      SP                               I06      00 000034
1020556778200016904370919641201300343000000000000000000000000000040509000000 40200000000000000000    000000501000000000010042000000000687900330437006N2703200000000000000002300000000000000000000000000000000000000000000000100035115045893SABRINA SOUZA BUZELIN DE MORAES AGU    Rua Emílio Kemp 317 NÃO                    Vila Pentead02865000São Paulo      SP                               I06      00 000035
1020556778200016904370919641201300343000000000000000000000000000041505000000 40200000000000000000    000000501000000000015042000000000687900330437006N2703200000000000000002300000000000000000000000000000000000000000000000100017627264839NORBERTO MUNIZ DE SOUZA                Rua Ipameri 370 casa 19                 Vila Pentead02864030São Paulo      SP                               I06      00 000036
1020556778200016904370919641201300343000000000000000000000000000042501000000 40200000000000000000    000000501000000000007042000000000775200330437006N2703200000000000000002600000000000000000000000000000000000000000000000100013000275843ANTONIO COSTA DOS SANTOS GONÇALVES      Rua Antônio Augusto de Barros 440 NÃO       Brasilândia   02863100São Paulo      SP                               I06      00 000037
1020556778200016904370919641201300343000000000000000000000000000043508000000 40200000000000000000    000000501000000000025042000000000350000330437006N2703200000000000000001200000000000000000000000000000000000000000000000100006050912505RENATA SOUZA CORREIA                   Rua do Farol 359                        Vila Itabera02847-07São Paulo      SP                               I06      00 000038
1020556778200016904370919641201300343000000000000000000000000000044504000000 40200000000000000000    000000501000000000007042000000000432000330437006N2703200000000000000001400000000000000000000000000000000000000000000000100019346146885MARCIO OLIVEIRA MARQUES                Rua Joaquina Maria dos Santos 96 A      Vila Souza  02860110São Paulo      SP                               I06      00 000039
1020556778200016904370919641201300343000000000000000000000000000045500000000 40200000000000000000    000000501000000000020042000000000697840330437006N2703200000000000000002300000000000000000000000000000000000000000000000100017427859804JULIO CESAR DA SILVA                   Rua Engenheiro Pereira Passos 257 NÃO    Parque Belém 02850850São Paulo      SP                               I06      00 000040
1020556778200016904370919641201300343000000000000000000000000000046507000000 40200000000000000000    000000501000000000010042000000000699840330437006N2703200000000000000002300000000000000000000000000000000000000000000000100032693827825DIEGO SANTOS DA SILVA                  Avenida Elísio Teixeira Leite 960 ap 28   Vila Brasilâ02801000São Paulo      SP                               I06      00 000041
1020556778200016904370919641201300343000000000000000000000000000013501000000 40200000000000000000    000000501000000000015042000000000588200330437006N2703200000000000000000200000000000000000000000000000000000000000000000100041228183899GILMAR NUNES DE SOUZA                  Rua Amanacaia 12 NÃO                     Jardim Vista02878150São Paulo      SP                               I06      00 000042
1020556778200016904370919641201300343000000000000000000000000000001503000000 40200000000000000000    000000501000000000020042000000000500000330437006N2703200000000000000001700000000000000000000000000000000000000000000000100049433037812MAYARA PEREIRA DE SOUZA                Rua Paramirim 1634 M                    Brasilândia   02848000São Paulo      SP                               I06      00 000043
1020556778200016904370919641201300343000000000000000000000000000047503000000 40200000000000000000    000000501000000000015042000000000630000330437006N2703200000000000000002100000000000000000000000000000000000000000000000100089896670544IACIANA PEREIRA DO NASCIMENTO BEZER    Rua Lua de São Jorge 377                  Jardim Alvin02991280São Paulo      SP                               I06      00 000044
1020556778200016904370919641201300343000000000000000000000000000048500000000 40200000000000000000    000000501000000000007042000000000527000330437006N2703200000000000000001800000000000000000000000000000000000000000000000100037852008895RITA DO NASCIMENTO IMAI                Avenida Parada Pinto 737 apto 11 bloco  Vila Nova Ca02611003São Paulo      SP                               I06      00 000045
1020556778200016904370919641201300343000000000000000000000000000049506000000 40200000000000000000    000000501000000000020042000000000766000330437006N2703200000000000000002600000000000000000000000000000000000000000000000100001297494512MARIA APARECIDA CARVALHO LIMA          Rua Firminópolis 1204 CASA 1               Jardim Vista02878000São Paulo      SP                               I06      00 000046
1020556778200016904370919641201300343000000000000000000000000000050504000000 40200000000000000000    000000501000000000010042000000000766000330437006N2703200000000000000002600000000000000000000000000000000000000000000000100044960005807Karina da Cunha Sena                   Rua Amanacaia 122                       Jardim Vista02878150São Paulo      SP                               I06      00 000047
1020556778200016904370919641201300343000000000000000000000000000051500000000 40200000000000000000    000000501000000000010042000000000620000330437006N2703200000000000000002100000000000000000000000000000000000000000000000100015096251861Simone Alves dos Santos                Rua Doutor Gordiano Gaudêncio Rossi 300   Vila Pentead02864100São Paulo      SP                               I06      00 000048
1020556778200016904370919641201300343000000000000000000000000000053503000000 40200000000000000000    000000501000000000006042000000000690000330437006N2703200000000000000002300000000000000000000000000000000000000000000000100030638571812Tatiane Alessandra da Silva            Rua Conselheiro Moreira de Barros 3600  Lauzane Paul02430002São Paulo      SP                               I06      00 000049
1020556778200016904370919641201300343000000000000000000000000000054500000000 40200000000000000000    000000501000000000007042000000000430000330437006N2703200000000000000001400000000000000000000000000000000000000000000000100036429746860DANILLO CALLANA SANÇÃO                  Rua Ari Carneiro Fernandes 74 NÃO        Jardim dos F02874000São Paulo      SP                               I06      00 000050
1020556778200016904370919641201300343000000000000000000000000000055506000000 40200000000000000000    000000501000000000015042000000000630000330437006N2703200000000000000002100000000000000000000000000000000000000000000000100015302493845VALDIR CARAPINA                        Rua Augusto Gil 270 FUNDOS              Vila Dionisi02670070São Paulo      SP                               I06      00 000051
1020556778200016904370919641201300343000000000000000000000000000056502000000 40200000000000000000    000000501000000000007042000000000430000330437006N2703200000000000000001400000000000000000000000000000000000000000000000100029003980888ALESSANDRA HAGER VARRICHIO             Rua Waldomiro Ragonha 61                Vila Brasilâ02820100São Paulo      SP                               I06      00 000052
1020556778200016904370919641201300343000000000000000000000000000057509000000 40200000000000000000    000000501000000000015042000000000525000330437006N2703200000000000000001700000000000000000000000000000000000000000000000100003859064630Alcizio Guedes da Silva                Rua Francisco Pestana 23                Jardim Maria04176000São Paulo      SP                               I06      00 000053
1020556778200016904370919641201300343000000000000000000000000000058505000000 40200000000000000000    000000501000000000001042000000000583000330437006N2703200000000000000001900000000000000000000000000000000000000000000000100003859064630Alcizio Guedes da Silva                Rua Francisco Pestana 23                Jardim Maria04176000São Paulo      SP                               I06      00 000054
1020556778200016904370919641201300343000000000000000000000000000060500000000 40200000000000000000    000000501000000000010042000000000300000330437006N2703200000000000000000100000000000000000000000000000000000000000000000100037573129882ROBSON OLIVEIRA DA SILVA               Rua Eduardo Costa 174                   Jardim Damas02879110São Paulo      SP                               I06      00 000055
1020556778200016904370919641201300343000000000000000000000000000061506000000 40200000000000000000    000000501000000000030042000000000400000330437006N2703200000000000000001300000000000000000000000000000000000000000000000100042481726820JONATHAN BADARÓ BARBOSA DE SOUZA        Rua Tiro ao Pombo 402 AP  133 bl 26     Brasilândia   02844060São Paulo      SP                               I06      00 000056
1020556778200016904370919641201300343000000000000000000000000000050504000000 40200000000000000000    000000501000000000010042000000000766000330437006N2703200000000000000002600000000000000000000000000000000000000000000000100012878083873VICENTE NETO DE SOUZA SENA             Rua Amanacaia 122                       Jardim Vista02878-15São Paulo      SP                               I06      00 000057
9000058000000319893600000000000000000000000000000000000000000000000000000000000000000000000000000000000000000000000000000000000000000000000000000000000000000000000000000000000000000000000000000000000000000000000000000000000000000000000000000000000000000000000000000000000000000000000000000000000000000000000000000000000000000000000000000000000000000000000000000000000000000000000000000000000000000058
